3996 6340
582 314 687 370 (505

1941 307 2421 365 Ριιιιοδτοιιῦίι

3728 308 3840 365 608

581 435 982 499 perpetrarunt.
1018 423 1249 479 Mazices
1294 433 1554 494 praetcrea
1606 432 1660 478 et
1709 423 2026 486 Ausoriani,
2064 424 2155 492 qui

2259 424 2586 494 εἰργάσαντο
2614 422 2988 494 ἀνιστόρητον.
3019 422 3093 476 Οὐ
3128 423 3288 493 μόνον
3314 421 3392 483 δὲ,
3428 419 3564 474 ἀλλὰ
3597 420 3685 474 καὶ
3714 422 3833 474 Μά-

581 518 724 573 imer
748 514 988 568 Africam
1023 529 1089 569 ac
1119 512 1340 584 Libyam
1373 515 1532 568 sedes
1567 513 1790 569 habent.
1817 513 1886 567 ah
1907 512 2158 568 orientali

580 607 799 677 quidem
852 605 1093 676 ipsorutn
1159 605 1317 676 plaga
1379 604 1603 677 Libyam
1645 606 2036 670 drvastarunt,
2105 614 2157 661 et

580 699 798 771 Egypti
836 698 979 753 haud
1012 701 1262 769 exiguam
1297 708 1503 770 partem
1541 698 1710 754 simul
1748 711 2157 768 oppresserunt.

579 793 663 845 Ah
695 790 1016 847 occidentali
1051 800 1230 846 autem
1268 792 1421 860 plaga
1458 789 1618 846 Afros
1667 791 1932 862 aggressi,
1991 791 2157 846 simili

580 885 734 939 clade
772 883 1089 939 aﬂ'ecerunt.
1123 882 1238 954 (89)
1277 882 1477 938 Praeter
1511 883 1612 938 hos
1650 899 1842 938 omnes
1871 884 2158 946 barbaros.

582 974 919 1045 Trihigildus
950 989 1201 1045 quoque,
1235 973 1316 1027 vir
1347 975 1568 1029 natione
1604 973 1829 1046 Scytha.
1867 990 1933 1030 ex
1964 976 2030 1030 iis
2064 976 2157 1046 qui

583 1083 727 1122 nunc
771 1066 934 1124 Gothi
969 1066 1353 1133 nominantur;
1406 1066 1601 1120 horum
1636 1066 1779 1121 enim
1832 1067 2155 1138 Scytharum

581 1170 768 1231 gentes
797 1169 923 1215 sunt
961 1174 1191 1213 numero
1225 1158 1471 1229 plurima:
1502 1174 1567 1214 ac
1608 1158 1981 1229 discrepantes
2013 1178 2027 1213 :
2071 1159 2159 1214 hic

584 1255 751 1321 igitur
780 1268 905 1307 cum
943 1251 1299 1307 barbarorum
1326 1251 1510 1320 copias
1539 1250 1684 1305 circa
1736 1266 1794 1305 se
1820 1251 2064 1315 haberet,
2095 1261 2149 1307 et

584 1345 818 1401 Nacolia:
847 1346 901 1399 in
929 1344 1161 1414 Phrygia
1200 1342 1482 1404 resideret,
1518 1342 1735 1398 comitis
1766 1342 2029 1413 dignitate
2061 1344 2159 1398 de-

583 1448 803 1493 coratus
824 1477 839 1501 ,
871 1454 936 1491 ex
965 1436 1143 1491 amico
1175 1443 1396 1506 repente
1437 1434 1608 1491 hostis
1642 1435 2015 1490 Romanorum
2044 1434 2159 1491 elli-

583 1531 743 1584 citnr.
772 1528 836 1583 Et
860 1530 928 1583 ab
960 1530 1075 1598 ipsa
1106 1543 1335 1582 exorsus
1356 1525 1596 1590 Nacolia.
1620 1527 1887 1597 plurimas
1912 1526 2161 1599 Phrygia:

583 1622 745 1677 urbes
799 1621 1120 1692 occupavit,
1176 1635 1540 1691 magnamque
1591 1621 1872 1675 hominum
1920 1630 2157 1692 stragem

581 1714 727 1770 fecit.
762 1713 962 1773 Contra
1002 1714 1147 1768 hunc
1178 1716 1382 1769 missus
1410 1712 1581 1768 Gaina
1611 1714 1869 1784 magister
1903 1715 2157 1777 militum,

581 1805 698 1875 ipse
725 1821 942 1876 quoque
979 1805 1201 1859 natione
1246 1804 1534 1869 barbarus,
1579 1804 1866 1859 victoriam
1898 1804 2156 1874 prodidit,

580 1915 704 1951 cum
745 1906 799 1951 et
845 1897 959 1966 ipse
1015 1898 1166 1966 paria
1220 1897 1484 1952 adversus
1530 1894 1807 1952 Romanos
1853 1897 2156 1952 moliretur.

582 1988 790 2043 Exinde
820 1988 1171 2058 Trihigildus,
1208 1989 1366 2059 quasi
1402 1989 1628 2046 Gainam
1664 1988 1899 2059 fugiens,
1931 1990 1987 2043 in
2018 1988 2161 2045 Pisi-

580 2078 724 2132 diam
760 2094 825 2133 ac
862 2077 1235 2150 Pamphyliam
1275 2080 1510 2145 invasit,
1546 2094 1750 2149 easque
1798 2080 2158 2151 depopulatus

579 2181 691 2233 est;
730 2168 858 2223 dein
887 2169 1053 2224 variis
1093 2170 1338 2224 locorum
1380 2167 1791 2225 difﬁcultatibus
1820 2179 1875 2224 et
1902 2167 2159 2227 lsauricis

583 2260 789 2328 pretiis
836 2260 1084 2327 attritus,
1133 2264 1351 2315 tandem
1406 2261 1459 2316 in
1514 2260 1923 2332 Hellespontum
1963 2262 2156 2319 evasit.

583 2351 736 2407 Unde
766 2368 891 2408 cum
925 2352 978 2406 in
1014 2353 1304 2407 Thraciam
1335 2353 1662 2423 traiecisset,
1700 2370 1809 2411 non
1838 2355 2011 2412 multo
2036 2364 2161 2427 post

578 2445 882 2500 exstinctus
911 2452 1014 2499 est.
1044 2445 1113 2499 At
1136 2443 1310 2500 Gaina
1334 2456 1458 2516 post
1487 2447 1847 2518 proditionem
1879 2464 2005 2504 cum
2036 2464 2157 2504 rna-

583 2538 737 2608 gistri
768 2537 1001 2593 militum
1029 2538 1294 2609 dignitate
1323 2556 1578 2597 reversus
1602 2541 2156 2615 Constantinopolim,

576 2644 699 2683 eam
726 2643 995 2700 occupare
1017 2640 1248 2686 conatus
1282 2639 1387 2686 est.
1431 2630 1630 2686 Verum
1665 2633 1902 2688 cwlestis
1935 2632 2157 2704 quidam

577 2721 890 2787 exercitus,
926 2732 1256 2790 conspectus
1284 2723 1353 2778 ab
1402 2722 1470 2778 iis
1505 2724 1600 2795 qui
1656 2741 1768 2780 rem
1818 2725 2158 2781 exsecutioni
2202 2728 2209 2772 ἶ

580 2814 840 2870 mandare
902 2816 1144 2885 aggressi
1203 2826 1380 2883 erant,
1443 2834 1569 2874 cum
1618 2834 1714 2874 eos
1759 2820 2158 2890 perterruisset,

580 2908 771 2962 urbem
840 2909 1058 2978 quidem
1113 2910 1531 2979 expugnationis
1585 2911 1823 2980 periculo
1871 2912 2157 2981 liberavit;

581 3001 704 3055 illus
736 3016 866 3056 vero
904 3001 1293 3071 deprehensos,
1329 3002 1608 3057 hominum
1636 3002 1887 3059 vindicta:
1912 3005 2155 3061 tradidit.

2261 515 2408 580 ζικες
2436 516 2531 568 καὶ
2551 514 2884 587 Δύξωριανοὶ
2919 519 2933 581 (
2954 514 3155 585 μεταξὺ
3176 514 3231 568 δὲ
3254 513 3460 584 Λιϐύης
3484 514 3579 567 καὶ
3611 513 3835 583 ’Ἄφρων

2259 598 2404 659 οὗτοι
2434 606 2747 675 νέμονται),
2788 605 2930 660 κατὰ
2965 606 3063 676 μὲν
3091 606 3150 659 τὸ
3194 606 3412 659 ἑωθινὸν
3448 606 3628 658 αὐτῶν
3666 606 3835 676 κλίμα

2257 698 2356 767 τὴν
2395 697 2601 771 Λιϐύην
2637 697 3031 770 ἐξηρήμωσαν,
3066 696 3161 750 καὶ
3190 696 3293 765 τῆς
3331 696 3605 764 Αἰγύπτου
3641 698 3837 769 μοῖραν

2259 789 2359 841 οὐκ
2388 789 2677 861 ἐλαχίστην
2709 789 3092 851 συνδιώλεσαν,
3126 790 3356 859 Ἀφροις
3399 805 3457 841 τε
3503 788 3836 860 ἐμϐαλόντες

2259 882 2399 935 κατὰ
2424 883 2684 953 δυόμενον
2705 883 2856 954 ἥλιον
2900 883 2965 936 τὰ
2995 881 3350 953 παραπλήσια
3395 880 3648 953 ἔδρασαν.
3696 881 3836 934 Ἀλλ’

2259 974 2353 1026 ἐπὶ
2379 973 2587 1040 τούτοις
2623 976 2755 1029 πᾶσι
2796 975 2893 1029 καὶ
2920 974 3290 1046 Τριγιϐίλδος,
3325 973 3465 1045 ἀνὴρ
3493 974 3705 1046 Σκύθης
3739 973 3839 1044 μὲν

2258 1065 2434 1133 γένος.
2459 1066 2568 1120 τῶν
2603 1066 2699 1121 νῦν
2727 1066 3173 1137 ἐπικαλουμένων
3195 1065 3407 1120 Γότθων
3429 1082 3442 1098 ’
3473 1065 3699 1119 πλεῖστα
3726 1067 3839 1137 γὰρ

2260 1160 2354 1213 καὶ
2391 1160 2623 1231 διάφορα
2666 1160 2871 1214 τούτων
2924 1158 3041 1211 ἐστὶ
3090 1157 3313 1212 Σκυθῶν
3356 1159 3526 1230 γένη⁸
3573 1155 3727 1222 οὗτος
3777 1160 3840 1230 δὴ

2257 1251 2485 1322 δύναμιν
2528 1251 2867 1324 βαρϐαρικὴν
2903 1250 3074 1322 ἔχων,
3129 1249 3349 1322 καὶτῆς
3393 1250 3633 1322 Φρυγίας
3679 1252 3739 1303 ἐν
3774 1255 3839 1320 τῇ

2258 1342 2550 1414 Νακωλείᾳ
2580 1342 2966 1415 καθεζόμενος,
2996 1342 3090 1395 καὶ
3117 1341 3357 1413 κόμητος
3391 1341 3528 1411 ἔχων
3559 1341 3749 1413 τιμὴν,
3780 1343 3843 1394 ἐκ

2261 1434 2442 1504 φιλίας
2476 1437 2557 1499 εἰς
2582 1434 2783 1507 ἔχθραν
2819 1435 3107 1507 Ῥωμαίων
3140 1435 3497 1507 ἀπορραγείς.
3528 1434 3647 1487 Ἀπ’
3670 1434 3844 1504 αὐτῆς

2260 1526 2581 1592 Νακωλείας
2608 1527 2934 1600 ἀρξάμενος,
2970 1527 3229 1592 πλείστας
3255 1544 3316 1580 τε
3349 1526 3537 1591 πόλεις
3562 1527 3663 1595 τῆς
3698 1528 3845 1599 «Pp.»

2259 1618 2384 1688 γίας
2418 1613 2529 1672 εἷλε
2552 1660 2567 1683 ,
2610 1618 2702 1674 καὶ
2743 1617 2910 1674 πολὺν
2963 1618 3123 1687 φόνον
3172 1616 3475 1691 ἀνθρώπων
3526 1618 3841 1688 εἰργάσατο.

2274 1708 2390 1781 Ἐφ’
2418 1711 2477 1765 δν
2511 1712 2709 1775 Γαῖνᾶς
2746 1713 2774 1764 ὁ
2821 1711 3123 1783 στρατηγὸς
3156 1710 3516 1781 ἐκπεμφθεὶς,
3571 1708 3844 1783 βάρϐαρος

2259 1803 2304 1858 δ’
2331 1798 2426 1858 οὖν
2480 1802 2574 1858 καὶ
2606 1802 2791 1867 αὐτὸς,
2837 1801 3118 1873 προύδωκε
3164 1802 3261 1873 τὴν
3305 1801 3481 1871 νίκην,
3516 1800 3586 1854 τὰ
3626 1801 3715 1853 ἶσα
3752 1802 3846 1854 καὶ

2261 1897 2424 1961 αὐτὸς
2474 1895 2773 1967 Ῥωμαίοις
2821 1894 3016 1967 δρᾶσαι
3068 1894 3468 1965 διανοούμενος.
3522 1892 3770 1946 Ἐκεῖθεν
3819 1894 3846 1944 ό

2261 1988 2622 2061 Τριγιϐίλδος,
2651 1987 2726 2052 ὡς
2765 1988 2924 2060 δῆθεν
2955 1987 3046 2041 τὸν
3075 1988 3273 2041 Γαϊνᾶν
3313 1984 3613 2055 διαφυγὼν,
3647 1987 3753 2057 τήν
3787 2002 3843 2038 τε

2261 2081 2506 2135 Πισιδίαν
2545 2081 2640 2135 καὶ
2674 2081 2775 2153 τὴν
2815 2078 3145 2152 Παμφυλίαν
3192 2077 3363 2133 ἐπιὼν
3395 2079 3841 2150 κατελυμήνατο·

2260 2166 2380 2225 εἶτα
2410 2170 2628 2236 πολλαῖς
2655 2172 2750 2225 καὶ
2784 2170 2946 2234 αὐτὸς
2982 2170 3247 2242 πρότερον
3275 2169 3607 2241 δυσχωρίαις
3651 2187 3709 2222 τε
3752 2170 3846 2224 καὶ

2272 2265 2602 2335 Ἰσαυρικαίς
2634 2262 2834 2335 μάχαις
2868 2261 3288 2335 περιθραυσθεὶς
3321 2260 3420 2331 τὴν
3450 2261 3604 2331 ἰσχὺν
3632 2260 3728 2314 ἐπὶ
3758 2261 3846 2315 τὸν

2272 2357 2663 2430 Ἑλλήσποντον
2709 2355 3068 2421 διασώζεταιο
3100 2355 3196 2409 καὶ
3243 2354 3570 2427 περαιωθεὶς
3601 2355 3694 2409 ἐπὶ
3748 2355 3851 2426 τὴν

2257 2450 2480 2522 Θρᾴκην
2508 2449 2568 2502 ού
2602 2448 2741 2519 μετὰ
2769 2447 2904 2501 πολὺ
2947 2446 3347 2519 διαφθείρεται.
3392 2448 3587 2512 Γαῖνᾶς
3614 2448 3670 2501 δέ
3701 2449 3852 2519 μετὰ

2260 2543 2356 2615 τὴν
2391 2542 2703 2615 προδοσίαν,
2738 2543 2794 2595 ἐν
2846 2539 2926 2612 τῷ
2958 2540 3052 2594 τοῦ
3101 2539 3409 2612 στρατηγοῦ
3437 2541 3676 2611 σχήματι
3706 2543 3852 2613 πρὸς

2258 2635 2357 2708 τὴν
2390 2632 2954 2688 Κωνσταντινούπολιν
2992 2630 3323 2697 ἐπανελθὼν,
3362 2634 3442 2696 είς
3477 2632 3705 2703 μελέτην
3744 2630 3851 2706 ἧκε

2236 2714 2462 2800 ’ταύτην
2494 2725 2974 2799 παραστήσασθαι.
3009 2723 3248 2797 Οὐρανία
3269 2723 3326 2778 δέ
3356 2740 3440 2787 τις
3477 2723 3698 2788 ἔνοπλος
3728 2726 3854 2778 ἐπι-

2261 2822 2494 2890 φανεῖσα
2516 2819 2765 2891 δύναμις,
2807 2818 2903 2872 καὶ
2932 2818 3057 2881 τοὺς
3086 2815 3362 2870 ἐπιϐαλεῖν
3406 2815 3758 2888 ὁρμηθέντας
3780 2821 3851 2887 τῇ

2263 2910 2461 2984 πράξει
2483 2909 2887 2983 δειματώσασα,
2904 2909 3003 2980 τὴν
3032 2908 3130 2980 μὲν
3147 2907 3302 2962 πόλιν
3322 2907 3422 2979 τῆς
3443 2907 3693 2971 ἁλώσεως
3716 2911 3853 2979 ῥύε-

2259 3021 2373 3070 ται,
2396 3004 2639 3067 ἐκείνους
2658 3002 2716 3057 δὲ
2746 3001 3100 3075 φωραθέντας
3119 3003 3239 3064 ταῖς
3271 2999 3640 3071 ἀνθρωπίναις
3662 2999 3854 3064 δίκαις

581 3091 774 3161 lngens
804 3092 985 3161 itaque
1029 3107 1218 3146 eorum
1270 3092 1445 3147 caedes
1484 3100 1791 3163 perpetrata
1841 3103 1945 3150 est.
1984 3094 2157 3152 Gaina

2263 3093 2533 3158 ἐκδίδωσι,
2551 3092 2646 3146 καὶ
2677 3092 2837 3163 φόνος
2859 3091 3039 3145 αὐτῶν
3061 3090 3235 3163 ἐρρύη
3264 3089 3452 3155 πολύς.
3485 3091 3540 3143 '0
3564 3090 3618 3143 δὲ
3641 3090 3680 3142 Γ
3681 3093 3855 3156 αῖνᾶς

582 3200 710 3238 vero
767 3194 915 3239 tanto
968 3193 1111 3239 metu
1164 3184 1447 3254 perculsus
1489 3184 1615 3252 fuit,
1665 3195 1725 3240 ut
1775 3188 1959 3243 statim
2002 3200 2157 3245 nocte

2260 3189 2342 3252 είς
2381 3184 2636 3240 τοσοῦτον
2671 3184 2911 3256 κατέστη
2943 3184 3116 3250 δέους,
3166 3183 3244 3247 ὡς
3286 3183 3485 3238 αὐτίκα
3517 3182 3713 3248 νυκτὸς
3753 3187 3857 3238 ἐπι

523 3295 536 3316 ο
583 3277 1019 3342 superveniente.
1060 3291 1185 3330 cum
1221 3276 1288 3331 iis
1326 3293 1466 3346 quos
1508 3277 1764 3347 colligere
1796 3280 1992 3351 potuit,
2032 3297 2160 3352 por-

582 3379 764 3419 tarum
820 3367 1078 3422 ευειοιιιέ
1133 3368 1183 3421 vi
1246 3367 1387 3423 facta
1436 3385 1837 3440 perrumpens,
1901 3387 1969 3428 ex
2025 3373 2160 3429 urbe

584 3473 841 3530 egressus
876 3459 969 3513 sit.
994 3457 1265 3524 Quoniam
1294 3475 1423 3514 vero
1443 3459 1674 3516 Thracia
1706 3464 1918 3533 penitus
1947 3473 2158 3521 vastata

580 3557 722 3613 erat,
753 3566 819 3605 ac
856 3564 1032 3620 neque
1079 3551 1510 3606 necessariorum
1559 3552 1856 3624 quidquam
1895 3555 2157 3625 praebere,

583 3656 760 3711 neque
797 3641 959 3696 aliam
989 3639 1446 3707 depraedationem
1485 3643 1757 3700 sustinere
1779 3645 1892 3715 jam
1922 3654 2155 3715 poterat,

582 3733 755 3789 Gaina
808 3733 862 3788 in
919 3732 1322 3789 Chersonesum
1378 3734 1627 3805 trajecit,
1675 3738 1885 3793 ratibus
1920 3738 2047 3794 inde
2099 3739 2155 3794 in

586 3827 765 3881 Asiam
827 3825 1185 3882 transfretare
1236 3828 1501 3899 cogitans.
1561 3828 1719 3898 Quod
1765 3833 1983 3901 quidem
2034 3832 2157 3903 ejus

581 3919 869 3975 consilium
922 3935 1047 3976 cum
1107 3920 1401 3990 imperator
1448 3922 1764 3989 didicisset,
1812 3925 2015 3981 missus
2073 3934 2159 3981 est

581 4021 772 4069 contra
824 4013 976 4068 illum
1039 4012 1256 4070 Fravita
1320 4016 1580 4087 magister
1635 4016 1878 4081 militiae,
1944 4017 2156 4075 Gothus

578 4105 801 4173 quidem
829 4106 1071 4170 natione,
1098 4106 1189 4162 sed
1223 4106 1482 4180 religione
1516 4124 1779 4179 paganus.
1806 4109 1948 4165 fidus
1975 4121 2153 4165 autem

580 4194 863 4262 Romanis,
896 4206 948 4252 et
998 4198 1076 4251 rei
1126 4199 1379 4255 militaris
1420 4200 1805 4271 peritissimus.
1832 4199 1932 4256 llic
1970 4200 2153 4273 igitur,

578 4290 709 4343 dum
764 4289 937 4345 Gaina
985 4292 1287 4346 exercitum
1325 4308 1486 4347 suum
1533 4295 1586 4348 in
1636 4293 1945 4364 oppositam
1977 4294 2159 4349 conti—

581 4388 799 4435 nentem
848 4380 1060 4435 ratibus
1101 4382 1394 4451 trajiceret,
1428 4386 1656 4439 navibus
1698 4386 1921 4440 armatis
1969 4385 2023 4438 in
2060 4398 2157 4438 eas

2258 3279 2510 3353 ἐχούσης,
2540 3277 2660 3351 μεθ’
2687 3279 2828 3333 ὅσων
2855 3276 3088 3348 ἠδύνατο
3116 3277 3242 3342 τοὺς
3259 3275 3482 3330 ἐπὶτῶν
3511 3276 3693 3329 πυλῶν
3724 3278 3852 3348 βια-

2261 3375 2515 3444 σάμενος,
2552 3371 2829 3439 ἐξελαύνει
2877 3372 2979 3443 τῆς
3012 3370 3239 3434 πόλεως.
3290 3371 3442 3423 Ἐπεὶ
3476 3369 3531 3422 δὲ
3565 3371 3598 3440 ἡ
3649 3370 3853 3443 Θρᾴκη

2255 3464 2603 3539 ἐξηρήμωτο,
2635 3465 2729 3519 καὶ
2754 3462 2880 3519 οὔτε
2912 3463 3174 3534 παρέχειν
3200 3480 3253 3515 τι
3284 3461 3395 3517 τῶν
3425 3461 3754 3531 ἐπιτηδείων
3783 3458 3854 3534 ἦν

2257 3557 2479 3629 δυνατὴ,
2506 3557 2630 3611 οὔτε
2660 3556 2866 3629 φθορὰν
2896 3555 3063 3626 ἄλλην
3089 3558 3351 3624 ἐνεγκεῖν,
3377 3554 3470 3608 ἐπὶ
3495 3554 3855 3627 Χερρόνησον

2257 3651 2287 3703 ό
2318 3649 2516 3712 Γαῖνᾶς
2561 3647 2867 3712 στέλλεται,
2904 3647 3143 3718 σχεδίαις
3180 3646 3559 3717 διανοούμενος
3606 3646 3697 3698 ἐπὶ
3751 3648 3855 3718 τὴν

2269 3741 2455 3795 Ἀσίαν
2493 3738 2971 3813 διαπεραιοῦσθαι.
3001 3738 3440 3810 Διαγνωσθείσης
3479 3738 3535 3792 δὲ
3569 3738 3648 3809 τῷ
3688 3738 3854 3809 βασι-

2256 3830 2339 3885 λεῖ
2366 3832 2464 3902 τῆς
2493 3830 2660 3884 αὑτοῦ
2688 3831 2948 3896 διανοίας,
2973 3831 3252 3903 πέμπεται
3277 3830 3579 3902 στρατηγὸς
3599 3831 3728 3885 κατ’
3752 3833 3854 3885 αὖ-

2257 3922 2351 3976 τοῦ
2376 3922 2673 3995 Φραυῖτας,
2720 3922 2916 3986 Γότθος
2948 3921 3047 3993 μὲν
3086 3922 3147 3976 τὸ
3174 3921 3351 3990 γένος,
3398 3921 3598 3993 Ἕλλην
3635 3921 3695 3976 δὲ
3744 3925 3851 3995 τὴν

2256 4015 2434 4081 δόξαν,
2468 4016 2658 4081 πιστὸς
2683 4015 2728 4069 δ’
2749 4011 2842 4070 οὖν
2882 4016 3192 4088 Ῥωμαίοις,
3224 4016 3319 4069 καὶ
3350 4014 3420 4070 τὰ
3441 4014 3677 4085 πολέμια
3701 4017 3851 4087 κρά-

2259 4124 2461 4171 τιστος.
2485 4101 2675 4175 Οὗτος,
2712 4110 2769 4162 ἐν
2797 4101 2843 4176 ᾧ
2866 4108 3067 4172 Γαῖνᾶς
3102 4107 3425 4181 προέπεμπε
3449 4108 3539 4161 τὸν
3574 4108 3669 4161 ὑπ’
3693 4109 3851 4181 αὐτῷ

2259 4198 2490 4271 στρατὸν
2525 4200 2648 4262 ταῖς
2692 4198 2931 4269 σχεδίαις
2976 4197 3444 4270 διαπεραιοῦσθαι,
3476 4198 3631 4269 νηΐτῃ
3668 4199 3851 4269 στόλῳ

2260 4289 2632 4357 συμπλέκεται
2656 4290 2901 4354 ταύταις,
2929 4290 3024 4344 καὶ
3045 4293 3108 4344 ἐκ
3136 4289 3229 4344 τοῦ
3258 4290 3458 4362 ῥᾴστου
3481 4290 3691 4354 πάντας
3710 4293 3850 4355 τοὺς

2260 4382 2636 4452 συμπλέοντας
2656 4385 2778 4447 ταῖς
2811 4383 3049 4455 σχεδίαις
3077 4382 3404 4455 διαφθείρει.
3444 4382 3533 4447 Ἐξ
3559 4373 3619 4435 οὗ
3640 4383 3850 4446 Γαῖνᾶς

580 4473 851 4536 invectus,
879 4471 983 4524 levi
1026 4474 1244 4541 negotio
1281 4484 1510 4530 cunctos
1534 4479 1631 4546 qui
1674 4478 1783 4533 illis
1817 4479 2155 4534 vehebantur

2259 4474 2324 4527 τὰ
2353 4475 2476 4526 καθ’
2511 4474 2703 4528 ἐαυτὸν
2755 4476 3047 4545 ἀπογνοὺς,
3084 4478 3164 4539 είς
3206 4475 3278 4529 τὰ
3305 4477 3403 4547 τῆς
3444 4476 3667 4547 Θρᾴκης
3698 4478 3848 4529 ἀνω-

579 4564 834 4624 confecit.
877 4562 1057 4630 Quare
1100 4562 1274 4619 Gaina
1320 4565 1523 4620 nullam
1553 4570 1657 4622 sibi
1706 4584 1857 4638 spem
1906 4570 2149 4625 relictam

579 4662 794 4726 videns,
853 4658 909 4713 in
947 4657 1231 4727 superiora
1281 4655 1529 4713 Thraciae
1581 4661 1696 4715 loca
1755 4662 1985 4734 aufugit.
2044 4660 2155 4718 Nec

581 4754 758 4808 multo
788 4760 913 4823 post
957 4749 1136 4805 Hunni
1163 4749 1382 4821 quidam
1420 4750 1622 4821 impetu
1658 4751 1803 4807 facto
1831 4770 1954 4808 eum
1982 4757 2154 4811 inter-

580 4845 859 4905 fecerunt.
882 4853 1154 4915 caputque
1181 4842 1302 4913 ejus
1355 4844 1468 4899 sale
1505 4845 1783 4899 conditum
1838 4844 2155 4902 Constanti-

580 4937 823 5004 nopolim
881 4937 1148 5007 perlatum
1206 4946 1307 4993 est.
1367 4934 1570 4992 Praeter
1627 4937 1727 4993 has
1777 4938 2148 5005 calamitates,

580 5028 893 5084 lsaurorum
926 5046 1056 5099 gens
1087 5030 1264 5086 varias
1295 5031 1475 5086 clades
1503 5032 1686 5087 intulit
1713 5030 1988 5086 Romanis.
2013 5031 2149 5088 Nam

585 5122 651 5175 ad
687 5121 821 5177 solis
852 5124 1072 5193 quidem
1127 5134 1307 5179 ortum
1348 5122 1593 5180 Ciliciam
1644 5134 2055 5195 percursarunt,
2098 5134 2152 5181 et

585 5213 872 5271 tinitimam
911 5214 1148 5289 Syriam,
1172 5231 1281 5272 non
1315 5232 1437 5272 eam
1471 5216 1650 5272 solum
1686 5232 1808 5287 qua:
1840 5214 1990 5271 Caele
2017 5217 2154 5273 dici-

2255 4564 2398 4636 τέρω
2427 4565 2648 4634 φεύγει,
2680 4567 2774 4619 καί
2805 4584 2950 4630 τινες
2978 4566 3088 4620 τῶν
3118 4565 3334 4620 Οὖννων
3362 4567 3424 4619 ού
3466 4565 3661 4618 πολλοῦ
3685 4566 3848 4640 Stap-

2258 4656 2476 4727 ῥυέντος
2514 4657 2709 4727 χρόνου
2748 4658 3068 4723 ἐπελθόντες
3107 4659 3270 4713 αὐτὸν
3315 4658 3629 4731 ἀναιροῦσι·
3675 4661 3776 4713 καὶ
3811 4663 3846 4732 η

2256 4750 2469 4822 κεφαλὴ
2498 4750 2883 4824 ταριχευθεῖσα
2911 4754 2991 4815 είς
3039 4750 3611 4806 Κωνσταντινούπολιν
3644 4752 3849 4823 ἐκομίο

2258 4845 2379 4916 σθη.
2402 4844 2583 4914 Χωρὶς
2602 4844 2659 4898 δέ
2685 4843 2794 4896 τῶν
2820 4843 3122 4915 εἰρημένων
3146 4843 3331 4897 κακῶν
3356 4844 3449 4897 καὶ
3478 4842 3539 4896 τὸ
3576 4842 3718 4896 Ἰσαύ
3727 4860 3849 4914 ρων

2257 4938 2412 5007 γένος
2461 4936 2836 5000 παντοδαποὺς
2890 4937 3192 5008 ἐπήνεγκεν
3237 4935 3513 5008 ὀλέθρους.
3556 4937 3698 5006 Πρὸς
3739 4936 3850 5007 μὲν

2257 5033 2367 5104 γὰρ
2397 5032 2547 5103 ἣλιον
2580 5032 2867 5103 ἀνίσχοντα
2910 5035 3007 5101 τήν
3051 5048 3110 5083 τε
3154 5030 3408 5085 Κιλικίαν
3461 5030 3844 5101 κατέδραμον,

2259 5128 2355 5180 καὶ
2382 5125 2482 5193 τὴν
2533 5126 2730 5196 ὅμορον
2760 5124 2961 5196 Συρίαν
2982 5164 2997 5187 ,
3040 5124 3101 5177 ού
3141 5124 3239 5193 τὴν
3270 5123 3455 5195 κοίλην
3487 5123 3663 5194 μόνον,
3694 5122 3848 5175 ἀλλὰ

2258 5218 2354 5271 καὶ
2374 5217 2470 5288 τὴν
2501 5216 2665 5287 ἄλλην
2688 5216 2849 5289 μέχρι
2878 5215 3103 5287 Περσῶν
3124 5214 3305 5270 αὐτῶν
3332 5215 3668 5287 ἀφικομένην
3692 5216 3843 5284 (90).

1796 5410 2038 5454 VALESII
2067 5411 2563 5459 ANNOTATIONES.

658 5562 772 5634 (89)
814 5560 940 5634 qu.
973 5560 1069 5614 lib.
1096 5576 1216 5634 vm_.
1244 5577 1364 5634 cap.
1396 5560 1450 5634 Il.

663 5627 775 5704 (90)
801 5630 1260 5704 ΜέχριΙΙερσῶν
1280 5627 1476 5704 αὐτῶν
1496 5629 1884 5704 ἀφικομένην,
1908 5627 2024 5704 Non
2049 5629 2152 5704 du-

592 5701 708 5761 bito
729 5701 858 5774 quin
880 5701 1224 5774 Scribendum
1244 5703 1338 5764 sit,
1365 5701 1706 5774 ἀφικόμενρι,
1729 5701 1918 5770 supple
1950 5701 2146 5774 Isauri.

594 5770 760 5833 Certe
778 5776 831 5833 in
868 5790 969 5831 ms.
1003 5772 1192 5829 codice
1221 5787 1331 5843 quo
1362 5788 1493 5829 usus
1523 5770 1604 5829 est
1627 5770 1958 5837 Bocbartus,
1987 5771 2153 5847 srrip-

2254 5569 2369 5615 tum
2409 5571 2527 5614 erat
2572 5562 2840 5687 ἀφικόμε,
2890 5577 3122 5621 accentu
3174 5569 3226 5621 in
3273 5566 3695 5638 antepenultinia
3724 5608 3739 5630 ,
3786 5576 3851 5622 ct

2255 5645 2421 5687 supra
2459 5633 2701 5687 ultimam
2760 5635 2970 5687 itteram
3007 5638 3298 5687 annunitnr
3330 5655 3385 5687 η.
3425 5652 3545 5687 «tua!
3577 5647 3703 5687 nata
3744 5637 3843 5687 iu-

2255 5645 2421 5709 supra
2459 5633 2970 5709 ultimamlitterant
3007 5638 3298 5709 apponitur
3330 5633 3545 5709 qfquaa
3577 5647 3703 5690 nota
3744 5637 3843 5689 iu-

2255 5702 2436 5757 dicare
2471 5704 2599 5759 mihi
2639 5705 2847 5760 videtur
2874 5702 3137 5778 syllaba—tn
3159 5725 3259 5762 νοι.
