4026 6342
261 367 363 425 (ῑὲδ

1234 369 1783 427 ECCLESIASTIC/E
1826 369 2166 426 HISTORIA]
2208 369 2331 426 LIB.
2372 369 2485 425 XII.

3387 375 3490 430 (£06

261 481 417 536 Κατὰ
446 483 503 539 δὲ
534 486 761 556 Ἰάπυγα
810 488 1011 560 ἄνεμον
1044 489 1138 544 καὶ
1169 490 1280 558 (9|)
1319 490 1620 561 Θρασκὶαν,
1666 489 1818 559 Παμ·

1933 496 2041 550 tur,
2072 489 2163 543 sed
2196 498 2250 543 et
2278 504 2397 543 eam
2423 503 2544 558 quae
2571 488 2636 541 ad
2684 486 2877 542 Persas
2906 501 3076 557 usque
3108 484 3376 556 pertingit.
3409 486 3488 540 Ad

260 574 453 642 φυλίαν
484 593 543 630 τε
571 578 824 650 ἐπῆλθον,
854 580 948 634 καὶ
979 581 1212 645 Λυκίους
1247 580 1550 653 διέφθειρον
1570 597 1582 611 ·
1611 579 1830 650 Κύπρον

260 683 320 720 τε
369 665 466 738 τὴν
503 669 664 739 νῆσον
708 670 1245 742 καταστρεψάμενοι·
1298 672 1578 734 Λυκάονας
1630 687 1690 722 τε
1736 670 1831 723 καὶ

263 757 486 820 Πισίδας
516 759 921 830 ᾐχμαλώτισαν.
961 763 1070 815 Καὶ
1094 761 1461 825 Καππαδόκας
1494 760 1554 814 τὸ
1584 760 1831 814 πλείστον

260 845 660 920 ἀναστήσαντες
702 850 836 921 (92‘,
867 851 994 923 ἄχρι
1027 852 1122 905 καὶ
1161 853 1255 906 ἐπὶ
1280 852 1373 905 τὸν
1406 852 1598 905 πόντον
1636 852 1832 905 διεκιν-

260 935 520 993 δᾶνευσαν
540 957 555 970 ⁸
577 940 671 993 καὶ
697 941 804 994 τῶν
827 942 1000 997 ἄλλων
1027 943 1317 1015 βαρϐάρων
1342 944 1411 997 τὰ
1436 943 1681 1016 χείριστα
1705 945 1829 1007 τοὺς

258 1028 654 1103 ἁλισκομένους
681 1027 826 1089 οὗτοι
849 1034 1099 1091 διέθεντο.

507 1234 602 1287 ΕΚ
640 1235 774 1288 ΤΗΣ
810 1235 1213 1289 ΔΩΔΕΚΑΊἩΣ
1251 1237 1577 1293 ΙΣΤΟΡΙΑΣ.
1708 1176 1738 1219 3

343 1349 411 1397 α’.
445 1344 565 1398 Ὅτι
603 1344 998 1418 Φιλοστόργιος,
1035 1347 1128 1402 καὶ
1159 1350 1216 1402 ὲν
1254 1348 1431 1413 ἄλλοις
1459 1348 1669 1412 πολλοῖς
1695 1348 1827 1401 Στε-

252 1430 478 1504 λίχωνος
510 1439 860 1508 κατατρέχων
881 1478 895 1503 ,
931 1439 1024 1492 καὶ
1049 1440 1363 1511 τυραννίδος
1387 1440 1568 1511 ἔνοχον
1599 1440 1822 1510 γράφει.

253 1526 369 1578 Καὶ
415 1527 492 1590 ὡς
547 1529 839 1600 Ὀλύμπιος
870 1548 953 1594 τις
994 1530 1103 1584 τῶν
1138 1532 1482 1601 μαγίστρων,
1530 1532 1826 1604 φερόμενον

251 1616 394 1671 κατὰ
417 1617 511 1671 τοῦ
541 1618 802 1689 βασιλέως
824 1622 879 1673 ὲν
900 1621 976 1693 τῷ
1004 1622 1249 1695 παλατίῳ
1272 1622 1332 1676 τὸ
1355 1620 1503 1692 ξίφος
1528 1621 1826 1677 ἀντιλαϐὼν

249 1709 322 1779 τῇ
355 1710 531 1781 χειρὶ,
565 1712 755 1766 ἑαυτὸν
789 1714 887 1783 μὲν
917 1714 1237 1786 ἐλυμήνατο,
1267 1715 1359 1767 τὸν
1394 1713 1616 1785 βασιλέα
1648 1714 1705 1767 δὲ
1744 1714 1822 1767 δι-

1933 579 2178 651 lapygem
2211 590 2390 635 autem
2440 588 2494 636 et
2521 578 2837 633 Thrasciam
2878 588 3090 641 ventos,
3115 577 3486 649 Pamphyliam

1932 673 2270 736 invaserunt,
2306 682 2360 727 et
2388 671 2604 744 Lyciam
2634 669 2873 740 populati
2904 677 3049 724 sunt.
3080 667 3314 740 Cyprum
3348 686 3493 740 quo—

1931 776 2038 830 que
2074 762 2308 816 insulam
2344 770 2655 826 vastarunt;
2689 760 2974 831 Lyeaonas
3018 760 3143 814 item
3176 777 3238 816 ac
3281 760 3489 817 Pisidas

1930 852 1984 906 in
2041 858 2354 908 servitutem
2423 853 2787 908 abduxerunt.
2851 851 3098 921 Cumque
3142 853 3489 922 Cappadocas

1930 947 2150 1001 sedibus
2206 946 2321 1000 suis
2366 946 2701 1015 expulissent
2742 954 2796 999 et
2830 944 3072 1014 captivos
3120 945 3391 1013 egissent,
3422 946 3488 1000 ad

1927 1037 2158 1093 Pontum
2206 1053 2378 1107 usque
2430 1037 2703 1108 progressi
2755 1046 2900 1101 sunt,
2938 1045 2993 1091 et
3042 1037 3279 1091 atrocius
3327 1052 3487 1106 quam

1928 1130 2123 1201 reliqui
2161 1130 2376 1185 barbari
2407 1130 2461 1183 in
2492 1130 2737 1199 captivos
2773 1130 3084 1183 saevierunt.

2124 1245 2211 1299 EX
2254 1244 2455 1299 LIBRO
2492 1243 2887 1301 DUODECIMO
2919 1241 3288 1298 HISTORIA}.

1999 1356 2049 1410 1.
2084 1354 2391 1411 Stilichonis
2413 1358 2596 1411 cwdes.
2616 1387 2686 1397 --
2705 1356 3098 1425 Philostorgius
3128 1372 3249 1409 etim
3290 1355 3359 1409 ob
3387 1354 3491 1408 alia

1929 1444 2095 1497 multa
2117 1442 2467 1499 Stilichonem
2486 1447 2720 1514 graviter
2742 1446 3072 1514 perstringit,
3095 1454 3204 1498 tum
3235 1444 3493 1499 affectata:

1928 1535 2230 1606 tyrannidis
2281 1552 2431 1589 reum
2490 1534 2655 1590 fuisse
2702 1537 2913 1590 scribit.
2953 1535 3137 1590 Refert
3169 1538 3494 1605 etiamquo-

1926 1626 2086 1681 modo
2118 1626 2394 1697 Olympius
2431 1628 2647 1697 quidam
2698 1629 2974 1697 magister,
3001 1628 3234 1697 gladium
3264 1627 3353 1697 qui
3396 1626 3492 1681 ad-

1926 1732 2116 1771 versus
2147 1717 2520 1785 imperatorem
2564 1719 2784 1773 strictus
2823 1727 2939 1773 erat
2981 1720 3034 1772 in
3069 1718 3287 1787 palatio.
3327 1732 3491 1771 manu

249 1796 446 1864 ἑσωσε,
476 1804 569 1855 καὶ
596 1804 858 1876 συνεργὸς
879 1804 1029 1875 αὐτῷ
1053 1806 1289 1876 κατέστη
1319 1805 1455 1876 πρὸς
1482 1804 1580 1877 τὴν
1610 1807 1818 1879 ἀναίρε-

1926 1825 2025 1864 sua
2054 1809 2376 1879 corripiens,
2405 1811 2643 1880 seipsum
2675 1812 2892 1879 quidem
2944 1812 3161 1872 lmserit,
3205 1812 3492 1880 imperato-

249 1905 341 1943 σιν
387 1892 739 1964 Στελίχωνος,
770 1896 910 1949 κατὰ
954 1897 1054 1966 τὴν
1115 1894 1401 1950 Ῥάϐενναν
1436 1897 1820 1968 διατρίϐοντος.

252 1981 439 2036 ’Ἄλλοι
457 1984 512 2037 δὲ
534 1987 636 2039 οὐκ
677 1986 992 2058 Ὀλύμπιον,
1017 1987 1133 2041 ἀλλ’
1168 1987 1604 2058 Ὀλυμπιόδωρον
1635 2007 1820 2059 φασιν·

247 2069 362 2123 οὐδ’
408 2072 683 2142 ἐπαμῦναι
723 2074 800 2146 τῷ
851 2074 1081 2145 βασιλεῖ,
1135 2075 1249 2130 ἀλλ’
1310 2078 1690 2133 ἐπιϐουλεῦσαι
1745 2081 1822 2152 τῷ

245 2162 513 2236 εὐεργέτῃ
556 2165 865 2236 Στελίχωνι,
907 2167 1002 2221 καὶ
1043 2169 1124 2230 εἰς
1161 2168 1448 2240 τυραννίδα
1480 2171 1819 2241 συκοφαντῆο

249 2269 345 2307 σαι
394 2256 573 2311 αὐτόν.
614 2259 722 2311 Καὶ
776 2257 895 2312 οὐδὲ
954 2260 1252 2332 μάγιστρον
1290 2261 1589 2331 τηνικαῦτα
1643 2258 1816 2329 εἶναι,

245 2342 369 2397 ἀλλ’
397 2343 647 2417 ὕστερον,
677 2347 815 2418 μετὰ
841 2347 930 2401 τὸν
954 2347 1137 2402 ἄδικον
1164 2346 1258 2400 τοῦ
1284 2346 1607 2417 Στελίχωνος
1639 2348 1817 2417 φόνον,

244 2433 482 2489 ἔπαθλον
516 2439 615 2510 τὴν
644 2438 802 2504 ἀξίαν
836 2439 1040 2494 λαϐεῖν.
1082 2439 1219 2493 Ἀλλ’
1249 2441 1348 2493 οὐκ
1380 2441 1457 2502 είς
1486 2440 1702 2510 μακρὰν
1728 2441 1821 2494 καὶ

242 2527 413 2581 αὐτὸν
444 2531 698 2600 ῥοπάλοις
726 2533 1082 2604 ἀναιρεθέντα
1125 2531 1225 2603 τῆς
1261 2532 1571 2603 μιαιιρονίας
1602 2532 1701 2603 τὴν
1745 2533 1821 2586 δί-

245 2636 353 2690 κην
384 2621 636 2674 ἀποτῖσαι
662 2620 740 2692 τῷ
770 2622 1079 2693 Στελίχωνι.

1925 1916 2036 1953 rem
2067 1915 2191 1954 vero
2220 1901 2467 1965 servarit,
2494 1902 2648 1971 eique
2677 1903 2741 1955 ad
2767 1903 3120 1957 occidendum
3143 1902 3492 1957 Stilichonem

1924 1991 2015 2061 qui
2050 2000 2179 2045 tunc
2210 1989 2482 2046 Ravenna:
2525 1993 2858 2056 morabatur,
2884 2009 3101 2062 operam
3150 2011 3212 2046 ac
3247 1991 3493 2047 ministe-

1923 2080 2063 2134 rium
2110 2098 2269 2137 suum
2324 2083 2768 2138 commodaverit.
2817 2084 2921 2137 Alii
2964 2084 3107 2138 hunc
3160 2101 3265 2137 non
3310 2082 3494 2153 Olymu

1920 2172 2092 2241 pium,
2133 2172 2224 2225 sed
2281 2170 2723 2243 Olympiodowm
2769 2176 3083 2238 nominant;
3128 2190 3224 2229 nec
3264 2174 3497 2243 impera-

1924 2262 2027 2316 tori
2051 2264 2321 2333 suppetias
2345 2280 2465 2318 eum
2493 2265 2680 2321 tulisse
2708 2267 2915 2330 dicunt,
2940 2266 3032 2320 sed
3057 2264 3336 2341 Stilichoni
3360 2265 3495 2321 bene

1925 2349 1991 2405 de
2037 2368 2095 2407 se
2142 2353 2338 2408 merito
2388 2355 2613 2409 insidias
2663 2357 2946 2419 struxisse,
2979 2370 3211 2425 eumque
3237 2353 3497 2408 aliectatze

1922 2444 2223 2513 tyrannidis
2255 2446 2391 2501 falso
2421 2463 2730 2504 accusasse.
2772 2445 2883 2501 Nec
2915 2448 3232 2518 magistrum
3260 2461 3325 2500 eo
3361 2455 3496 2501 tem-

1921 2550 2049 2604 pore
2077 2538 2256 2591 adhuc
2289 2538 2459 2607 fuisse
2490 2542 2754 2602 scribunt,
2785 2539 2879 2593 sed
2911 2549 3027 2608 post
3061 2538 3317 2605 injustam
3347 2534 3499 2590 Stili-

1921 2624 2113 2680 chonis
2155 2628 2375 2693 easdem,
2411 2645 2529 2683 eam
2557 2629 2873 2699 dignitatem
2930 2627 3134 2697 putandi
3182 2627 3302 2680 loco
3342 2640 3497 2679 acce-

246 2716 416 2784 pisse.
466 2716 728 2772 Eumdem
779 2728 957 2774 tamen
1007 2717 1152 2773 haud
1200 2718 1369 2773 multo
1408 2727 1528 2788 post
1581 2714 1816 2771 fustibus
1845 2717 2226 2789 interiectum,
2271 2722 2493 2778 nefaria:
2540 2723 2702 2777 caedis
2754 2737 2945 2792 poenas
2991 2721 3309 2792 pependisse
3344 2718 3496 2773 Stili-

244 2806 433 2861 choni.

323 2898 385 2970 β’.
423 2899 544 2953 Ὀτι
579 2898 719 2953 κατὰ
754 2900 880 2964 τοὺς
912 2898 1344 2971 προειρημένους
1383 2897 1609 2969 χρόνους
1654 2896 1816 2950 Ἀλά-

246 3006 400 3061 ριχος
435 2989 629 3054 Γότθος
668 2992 729 3043 τὸ
778 2990 970 3059 γένος,
1019 2989 1148 3061 περὶ
1198 2988 1267 3041 τά
1297 2988 1398 3058 τῆς
1441 2988 1662 3059 Θρᾴκης
1708 2986 1818 3041 ἂνω

1993 2895 2044 2951 2.
2085 2893 2329 2948 Alaricus
2358 2896 2412 2949 in
2452 2894 2746 2948 Romanum
2777 2897 2952 2948 orbem
2997 2896 3265 2962 irrumpit.
3297 2925 3363 2935 -—
3394 2897 3497 2951 Iis-

1923 2988 2043 3042 dem
2103 2987 2434 3058 temporibus
2485 2989 2753 3053 Alarieus,
2807 2987 3025 3041 natione
3070 2986 3302 3050 Gothus,
3350 2987 3495 3042 circa

248 3081 393 3151 μέρη
415 3080 643 3152 δύναμιν
675 3081 953 3154 ἀθροίσας,
985 3080 1189 3152 ἐπῆλθε
1223 3083 1288 3152 τῇ
1325 3080 1554 3144 Ἑλλάδι,
1590 3080 1685 3134 καὶ
1721 3080 1818 3143 τὰς

1923 3084 2230 3151 superiores
2279 3081 2524 3136 Thraciae
2573 3091 2757 3151 partes
2822 3080 3044 3135 collecto
3097 3081 3377 3142 exercitu,
3440 3079 3495 3133 iu

258 3172 490 3244 Ἀθήνας
529 3168 675 3238 εἷλε,
715 3174 811 3227 καὶ
861 3172 1174 3238 Μακεδόνας
1230 3175 1320 3229 καὶ
1356 3174 1484 3238 τοὺς
1531 3174 1820 3243 προσεχεῖς

242 3263 535 3333 Δαλμάτας
578 3265 851 3337 ὲληῖσατο.
908 3265 1137 3338 Ἐπῆλθε
1169 3266 1227 3320 δὲ
1264 3265 1359 3318 καὶ
1387 3263 1487 3334 τὴν
1534 3263 1815 3335 Ἰλλυρίδα,

246 3355 347 3411 καὶ
370 3356 467 3419 τὰς
495 3356 719 3420 ’Δλπεις
747 3356 935 3421 διαϐὰς
962 3360 1080 3421 ταῖς
1121 3356 1369 3420 Ἰταλίαις
1400 3356 1617 3409 ἐνέϐαλε
1638 3371 1652 3384 ⁸
1685 3356 1815 3408 Στεη

244 3446 435 3519 λίχωνι
465 3448 521 3501 δὲ
541 3491 554 3511 ,
591 3449 665 3511 ὡς
699 3443 851 3515 οὗτος
884 3448 1054 3517 λέγει,
1086 3449 1246 3514 ζῶντι
1279 3450 1668 3520 μετάπεμπτος
1705 3447 1815 3518 (95)

242 3536 336 3613 ἦν.
367 3544 462 3606 ’ος
491 3542 637 3612 αὐτῷ
673 3543 766 3596 καὶ
800 3543 899 3607 τὰς
940 3542 1048 3595 τῶν
1079 3542 1325 3596 Ἄλπεων
1362 3540 1532 3604 πύλας
1564 3540 1815 3612 διήνοιξε.

245 3633 359 3686 Καὶ
383 3635 490 3704 γὰρ
518 3633 808 3698 ἐπιϐουλὰς
844 3634 1023 3698 πάσας
1049 3633 1355 3703 Στελίχωνα
1383 3633 1524 3686 κατὰ
1555 3632 1817 3703 βασιλέως

244 3722 628 3794 παλαμᾶσθαι,
669 3725 762 3778 καὶ
807 3724 927 3797 μηδ’
968 3726 1051 3779 ὅτι
1080 3723 1329 3796 γαμϐρὸν
1379 3724 1540 3777 αὐτὸν
1568 3720 1709 3794 εἶχεν
1741 3723 1817 3793 (α)

242 3813 343 3866 ἐπὶ
369 3814 596 3887 θυγατρὶ
626 3814 1009 3881 δυσωπεῖσθαι,
1051 3815 1187 3870 ἀλλὰ
1218 3816 1313 3869 καὶ
1350 3815 1639 3887 φάρμακον
1672 3813 1819 3886 αὑτῷ

241 3907 482 3979 ἀγωνίας
495 3914 892 3986 ἐγκεράσασθαι
929 3908 1073 3977 (ΜΓ
1105 3906 1347 3978 ἐλελήθει
1375 3907 1431 3960 δὲ
1459 3907 1567 3978 ἄρα
1600 3907 1810 3968 ἑαυτὸν,

243 3993 312 4047 ἓν
337 3993 413 4065 τῷ
438 3994 756 4060 σπουδάζειν
778 3995 869 4049 τὸν
897 3995 1008 4051 υἱὸν
1034 3996 1293 4069 Εὐχέριον
1322 3996 1683 4067 ἀνακηρύξειν
1710 4012 1816 4048 πα-

1924 3174 2181 3228 Achniam
2221 3174 2433 3244 irrupit,
2459 3182 2512 3228 et
2546 3172 2782 3228 Athenas
2812 3172 2951 3242 cepit
2976 3189 2991 3239 ;
3020 3171 3338 3227 Macedonas
3367 3187 3495 3242 quo-

1923 3278 2030 3332 que
2056 3271 2110 3317 et
2141 3262 2401 3319 ﬁnitimos
2448 3260 2721 3318 Dalmatas
2754 3264 3038 3332 populatus
3083 3271 3183 3316 est.
3217 3261 3328 3334 (95)
3369 3261 3495 3335 Illy-

1924 3354 2094 3408 ricum
2148 3364 2404 3424 praeterea
2450 3354 2668 3419 invasit,
2712 3364 2767 3409 et
2810 3355 2971 3425 Alpes
3019 3363 3392 3423 transgressus
3436 3352 3490 3405 in

1924 3444 2130 3500 Italiam
2171 3444 2412 3511 intravit,
2439 3462 2470 3501 a
2492 3446 2789 3501 Stilichone
2818 3446 2910 3517 qui
2944 3455 3072 3500 tunc
3104 3446 3280 3499 adhuc
3301 3459 3493 3512 super-

1919 3544 2030 3590 stes
2054 3544 2191 3601 erat,
2217 3546 2495 3599 evocatus,
2525 3546 2584 3591 ut
2608 3538 2682 3592 ait
2708 3535 3121 3606 Philostorgius.
3151 3535 3252 3602 Qui
3275 3534 3488 3605 quidem

1918 3628 2133 3697 Alpium
2194 3628 2356 3682 etiam
2410 3630 2647 3684 claustra
2703 3630 2753 3685 ei
2802 3629 3081 3685 reseravit.
3123 3627 3295 3682 Omne
3345 3627 3489 3681 enim

1921 3720 2240 3775 insidiarum
2277 3735 2447 3792 genus
2493 3721 2753 3777 adversus
2810 3722 3187 3791 imperatorem
3228 3721 3492 3774 struxisse

1921 3815 1996 3867 ait
2044 3811 2423 3879 Stilichonem,
2479 3827 2579 3869 nec
2624 3813 2693 3868 ob
2728 3814 2778 3867 id
2808 3814 2996 3868 saltem
3041 3812 3331 3866 reveritum
3371 3825 3492 3864 esse

1919 3905 2062 3974 quod
2104 3920 2360 3973 generum
2418 3904 2568 3958 illum
2612 3905 2855 3967 haberet,
2891 3903 3015 3958 data
3073 3903 3147 3956 illi
3198 3903 3252 3955 in
3303 3901 3495 3953 matri-

1920 3997 2164 4050 monium
2194 3996 2340 4064 iilia;
2373 3998 2465 4052 sed
2501 3997 2773 4067 potionem
2797 3998 2844 4051 ei
2880 3995 3195 4067 praebuisse,
3223 4009 3328 4063 qua
3368 4008 3493 4064 pro-

1465 4169 1707 4214 VALESII
1735 4168 2131 4216 ΑΝΝΟΤΑΤῙΟΝ
2136 4171 2226 4215 ES.

322 4302 431 4372 (91)
466 4305 624 4357 Κατά
674 4304 741 4358 δὲ
774 4303 971 4359 ἄπυτα
1000 4303 1077 4359 ἂν
1118 4300 1261 4358 ἐκεῖ.
1293 4300 1473 4372 Longe
1523 4300 1721 4355 rectius
1759 4299 1813 4353 in
1850 4304 1896 4363 υ
1918 4299 2227 4372 emendavit
2262 4302 2366 4357 hoc
2393 4301 2553 4356 modo
2584 4320 2597 4355 :
2636 4300 2702 4354 Et
2727 4298 3121 4372 Cappadocibus
3151 4299 3391 4372 vastatis,
3420 4299 3489 4353 ad

243 4392 352 4432 ms.
387 4376 573 4428 codice
606 4374 873 4430 Samuelis
922 4375 1170 4429 Bocharti
1207 4373 1404 4441 legitur
1459 4373 1563 4441 hoc
1603 4373 1767 4441 modo
1798 4388 1811 4423 :

242 4447 405 4502 Κατὰ
422 4441 478 4496 δὲ
511 4442 732 4514 Ἰάπυγα
760 4447 958 4517 ἄνεμον
989 4446 1083 4498 καὶ
1114 4439 1412 4517 θρᾳσκίαν.
1449 4439 1539 4496 Sic
1568 4442 1728 4517 etiam
1758 4440 1812 4494 in

242 4516 586 4572 Scoriarensi
618 4510 802 4570 codice
829 4510 1086 4583 scriptum
1132 4510 1302 4567 fuisse
1333 4522 1562 4567 testatur
1602 4510 1813 4583 Holste-

241 4588 403 4645 nius.
440 4588 531 4654 qui
569 4585 814 4639 Latiuau‘i
851 4582 1167 4640 Gothofredi
1207 4583 1702 4654 iiiterpretationem
1743 4582 1812 4634 ita

241 4652 481 4713 correxit
514 4676 526 4710 :
557 4657 636 4710 Ad
660 4653 909 4726 lapygem
934 4665 1107 4708 autent
1130 4664 1178 4708 et
1220 4652 1527 4726 Thrusciam
1553 4662 1759 4726 ventum
1794 4669 1812 4704 :

241 4729 352 4783 hoc
383 4736 500 4791 est,
540 4728 609 4780 ad
646 4721 884 4781 causam
928 4725 1362 4795 a'quinoctialem,
1408 4732 1456 4776 et
1492 4721 1812 4795 septentrio-

242 4815 364 4852 nem
389 4815 583 4851 versus.
613 4795 742 4850 lude
776 4801 913 4851 enim
942 4793 1093 4849 carus
1124 4805 1172 4847 et
1211 4795 1396 4848 (ωαξης
1422 4793 1647 4861 spirant.

320 4868 431 4933 (9'2)
462 4870 569 4922 Καὶ
632 4867 1036 4932 Καππαδόκας
1082 4864 1559 4929 ἀναστήσαντες.
1607 4862 1663 4916 In
1714 4876 1816 4916 ms.

240 4939 435 4992 codice
461 4937 731 4992 Samuelis
758 4937 1008 4992 Bocharti
1034 4936 1121 4988 hic
1151 4936 1303 4988 locus
1327 4936 1537 4987 auctior
1568 4933 1816 4987 habetur.

240 5009 341 5063 Sic
377 5010 520 5062 enim
555 5010 722 5063 codex
762 5010 848 5062 ille
890 5025 902 5061 :
948 5007 1043 5060 καὶ
1080 5002 1451 5064 Καππαδόκας
1480 5002 1541 5055 τὸ
1570 5002 1821 5055 πλεῖστον

239 5080 672 5147 ἀναστήσαντες,
709 5087 814 5131 ete.
851 5078 905 5131 Id
948 5094 1050 5137 es,
1091 5074 1169 5147 Et
1199 5072 1597 5147 Cappadocibus
1630 5088 1823 5141 magna

238 5164 314 5203 ex
342 5142 490 5215 parte
529 5151 584 5202 in
625 5151 923 5202 servitutem
958 5146 1198 5200 abductis
1220 5186 1236 5210 ,
1279 5142 1346 5196 ad
1379 5142 1609 5197 Pontum
1657 5158 1818 5215 usque

237 5213 509 5288 progressi
553 5229 695 5273 siml.
750 5219 1175 5289 ’Λναστὴσαντες
1209 5215 1352 5270 enim
1390 5215 1529 5289 idem
1561 5213 1814 5289 estquod

239 5283 585 5360 αναστὰτους
618 5283 1150 5360 ποιήσαντες.’ριιοι1
1176 5301 1320 5360 cum
1358 5299 1464 5338 non
1501 5283 1820 5352 intelligeret

237 5357 633 5431 Gothofredus.
666 5356 809 5414 hunc
834 5360 1009 5431 locum
1048 5356 1813 5431 pessimeinterpretatusest.

234 5427 429 5500 Cujus
474 5430 778 5486 versionem
830 5423 1143 5484 Holsten'ius
1193 5427 1261 5481 ad
1295 5426 1437 5480 latus
1477 5423 1564 5479 sui
1612 5423 1819 5477 codicis

1918 4368 2150 4441 Pontum
2173 4388 2334 4437 usque
2356 4373 2616 4441 progressi
2636 4382 2755 4424 sunt
2780 4387 2797 4424 :
2820 4368 3084 4440 modisque
3097 4371 3362 4440 pessimis,
3383 4384 3493 4439 prta

1918 4440 2040 4493 aliis
2075 4440 2315 4511 barbaris
2351 4440 2580 4510 captivos
2614 4443 2715 4511 ipsi
2737 4443 3031 4511 afﬁxerunt.
3272 4509 3296 4511 Ἀ
3507 4494 3513 4503 ,

1992 4510 2104 4579 (95)
2148 4510 2331 4565 Ζῶντι
2359 4509 2798 4580 μετάπεμπτος.
2835 4510 2890 4564 In
2925 4527 3025 4565 ms.
3056 4511 3240 4565 codice
3264 4509 3493 4563 Samue-

1919 4583 1986 4651 lis
2008 4581 2259 4636 Boeharti
2284 4584 2502 4636 verbum
2531 4584 2748 4637 additur
2769 4583 2870 4635 hoc
2889 4582 3047 4634 modo
3067 4597 3081 4632 :
3105 4582 3490 4651 μετάπεμπτος

1917 4648 2007 4723 ἦν.
2039 4650 2192 4716 Quod
2227 4653 2429 4706 ideirco
2466 4654 2675 4719 monui,
2712 4668 2776 4706 uc
2806 4648 3486 4723 quisforte‘cxistimaret,

1920 4722 2021 4777 nos
2049 4738 2110 4775 ex
2145 4723 2453 4790 conjectura
2485 4726 2779 4793 quidquam
2799 4722 3152 4793 supplevisse.

1995 4792 2107 4862 (94)
2164 4787 2687 4862 Φάρμακονἀὺτ’ῷ
2722 4787 2986 4862 ἀγωνίας
3032 4787 3486 4862 ἐγκεριξσαοῖᾷαι.

1924 4858 2516 4919 ΗυιιοίοοιιιὶίιιοιτιὉκἱ
2549 4880 2611 4918 ex
2646 4858 3022 4928 mamiscriptis
3057 4858 3331 4911 codicibus
3355 4860 3489 4909 Sco-

1927 4936 2168 4989 riacensi.
2188 4944 2241 4987 et
2278 4932 2645 4987 Bochartiauo
2672 4970 2686 4992 ,
2717 4932 2768 4982 in
2802 4930 3000 4997 quibus
3035 4928 3255 4995 ἁγονὶας
3289 4928 3487 4981 diserte

1927 5006 2186 5074 scriptum
2220 5005 2465 5074 habetur.
2516 5001 2695 5074 Quare
2725 4997 3050 5074 _Holslenius
3090 4998 3488 5074 iuterpretatio-

1929 5066 2055 5129 ueni
2092 5072 2408 5129 Gothol'redi
2453 5066 2686 5127 correxit
2723 5069 2823 5122 hoc
2857 5069 3016 5121 modo
3052 5085 3064 5120 :
3102 5066 3202 5121 Sed
3251 5078 3298 5120 et
3336 5082 3486 5120 vene-

1925 5162 2050 5198 num
2076 5147 2211 5213 quod
2245 5142 2409 5213 prolis
2436 5139 2771 5213 procrequdte
2792 5138 3097 5213 facultatem
3115 5138 3483 5203 exstingueret,

1923 5208 2212 5282 potandum
2246 5208 2581 5267 exhibuisse.
2632 5208 2822 5264 Melius
2868 5209 3321 5263 medicamentum
3374 5224 3489 5262 ver-

1928 5286 2099 5338 tisset.

1997 5354 2108 5424 (95)
2144 5356 2268 5410 Soz.
2310 5354 2403 5411 lib.
2436 5370 2550 5420 vm,
2578 5368 2695 5423 cap.
2727 5350 2817 5415 25,
2844 5360 2898 5407 ct
2929 5350 3023 5406 lib.
3065 5366 3138 5417 ix,
3173 5363 3292 5419 cap.
3324 5348 3377 5403 4.

1708 5580 2035 5624 VARIORUM
2044 5611 2056 5623 .

322 5712 400 5781 ta)
436 5710 569 5771 Ὅτι
601 5713 861 5782 γαμϐρὸν
907 5711 1091 5765 αὐτὸν
1126 5708 1307 5780 εἶχεν.
1350 5708 1475 5782 Post
1508 5705 1804 5782 Eudosiam

236 5776 450 5855 quippe
469 5776 797 5851 defunctam,
821 5784 1051 5840 duxerat
1071 5776 1342 5843 llouorius
1362 5778 1539 5849 primo
1561 5776 1808 5844 Μηνίεωο

1913 5704 2107 5845 illeizde
2135 5703 2558 5770 Thermautiam,
2591 5704 2905 5762 Stilichonis
2952 5702 3102 5758 filias.
3136 5699 3254 5754 Jac.
3290 5696 3483 5749 iiut/to.

1947 5790 1998 5828 rc
2043 5812 2053 5829 .

1947 5790 2033 5828 νεα
2043 5812 2053 5829 ι
