4026 6342
509 306 616 361 (⁵10

513 513 806 583 lostorgius
836 513 1003 569 variis
1035 516 1375 587 argumentis
1400 515 1688 571 ostendere
1721 522 1970 579 conatur,
1987 521 2095 567 ter-

513 624 586 664 rte
619 617 800 662 motus
827 622 1005 678 neque
1034 624 1103 663 ex
1137 609 1493 666 inundatione
1528 624 1793 678 aquarum
1829 606 1967 671 fieri,
1999 623 2090 662 ne-

511 715 615 770 que
643 708 929 755 ventorum
962 701 1013 754 vi
1046 700 1187 755 intra
1220 702 1374 757 sinus
1419 712 1575 756 terra:
1605 702 1961 757 inclusorum.
1994 714 2096 754 nec

506 808 700 848 rursus
749 808 813 845 ex
865 792 1046 863 aliqua
1093 802 1251 848 terrze
1308 793 1679 857 inclinatione,
1712 792 1805 847 sed
1851 791 1966 845 sola
2002 789 2093 845 Dei

509 884 783 939 voluntate
817 885 1064 939 accidere
1096 884 1161 937 ad
1193 883 1607 938 conversionem
1660 892 1714 937 et
1758 879 2094 937 emendatio-

508 990 630 1028 nem
669 984 1038 1044 peccatorum.
1076 973 1276 1043 Aitque
1321 973 1421 1027 ista
1453 988 1510 1028 se
1541 980 1855 1028 constanter
1879 985 2093 1026 asseve-

508 1081 651 1131 rare,
688 1076 969 1136 propterea
1019 1065 1163 1135 quod
1204 1074 1457 1118 neutrum
1493 1079 1561 1119 ex
1610 1063 1938 1133 supradictis
1983 1062 2092 1118 cle-

508 1159 708 1213 mentis
738 1157 1005 1227 ejusmodi
1048 1172 1210 1211 casus
1243 1156 1293 1210 vi
1328 1156 1559 1210 naturali
1604 1155 1862 1226 perficere
1891 1162 2087 1225 potest.

508 1249 663 1315 Quod
697 1249 741 1305 si
778 1247 920 1303 Deus
953 1248 1025 1301 ita
1056 1247 1309 1312 voluerit,
1343 1246 1428 1299 vel
1464 1246 1688 1301 minima
1713 1251 1867 1315 gutta
1897 1259 1927 1298 e
1951 1244 2091 1299 coelo

508 1340 749 1409 delapsa,
778 1338 860 1392 vel
894 1337 983 1391 nix
1015 1336 1285 1391 levissima
1311 1333 1597 1405 Olympum
1628 1330 1974 1394 Macedonia,
1998 1339 2093 1385 aut

507 1431 673 1485 alium
714 1429 1019 1500 quempiam
1067 1442 1133 1482 ex
1172 1426 1456 1481 altissimis
1504 1425 1800 1483 montibus,
1833 1421 2092 1477 facillime

509 1540 723 1579 movere
753 1523 925 1595 possit
956 1541 969 1576 :
999 1521 1215 1593 quando
1248 1521 1466 1593 quidem
1495 1519 1760 1582 videmus,
1787 1518 1957 1572 Deum
1987 1531 2091 1570 sm-

507 1632 806 1688 pennniero
846 1617 932 1671 his
983 1616 1149 1669 rebus
1184 1630 1342 1670 usum
1378 1628 1499 1668 esse
1533 1612 1600 1667 ad
1655 1609 2088 1666 emendationem

506 1711 723 1782 generis
754 1709 997 1765 humani.
1028 1706 1163 1762 Nam
1215 1715 1269 1761 et
1298 1706 1547 1763 Rubrum
1587 1720 1737 1760 mare
1780 1718 1902 1759 cum
1935 1700 2092 1756 facile

1927 300 2405 362 PillLOSTORGiI

584 421 669 476 Η).
692 419 838 475 Unde
857 402 1059 491 factum
1084 422 1222 493 quod
1256 431 1396 478 terra
1422 420 1940 478 manatura—Idem
1957 419 2090 476 Phi-
2121 426 2166 483 Α

2271 431 2321 477 ι’.
2383 425 2504 478 ’Ότι
2576 425 2851 499 διαφόροις
2904 427 3298 499 ἐπιχειρήματι
3357 432 3789 498 κατασκευάζειν

2198 516 2475 590 πειρᾶται,
2514 517 2642 581 τοὺς
2692 518 2949 590 σεισμοὺς
2999 519 3135 590 μήτε
3172 517 3260 572 διὰ
3291 519 3629 593 πλημμύραν
3659 522 3788 576 ὑδά-

2195 624 2305 661 των
2337 608 2711 674 συνίστασθαι,
2741 610 2878 682 μήτε
2913 610 3242 681 πνευμάτων
3269 610 3788 682 ἐναπολαμϐανομέ-

2196 716 2304 752 νων
2339 702 2452 763 τοῖς
2475 700 2696 764 κόλποις
2728 702 2829 771 τῆς
2851 704 2983 774 γῆς’
3013 701 3147 756 ἀλλὰ
3178 702 3311 774 μηδὲ
3340 704 3442 774 γῆς
3467 720 3614 767 τινος
3640 705 3781 770 ὅλως

2196 791 2560 864 παρεγκλίσει
2587 810 2602 825 ·
2632 796 2768 866 μόνῃ
2797 795 2855 849 δὲ
2874 798 2940 868 τῇ
2977 796 3094 869 θείᾳ
3124 795 3339 869 γνώμῃ,
3368 797 3503 867 πρὸς
3532 798 3789 870 ἐπιστρο-

2199 885 2304 957 φὴν
2341 886 2434 939 καὶ
2467 885 2751 958 διόρθωσιν
2802 889 2909 942 τῶν
2955 890 3441 961 ἁμαρτανομένων.
3479 887 3585 943 Καὶ
3614 891 3793 945 ταῦτα

2196 994 2361 1047 φησιν
2386 979 2792 1051 ἰσχυριζόμενον
2820 981 3020 1051 λέγειν,
3048 982 3181 1035 διότι
3211 982 3279 1036 τὰ
3309 982 3608 1054 τηλικαῦτα
3640 985 3788 1054 πάθη

2196 1068 2272 1140 μὴ
2301 1068 2522 1122 δύναται
2549 1070 2847 1142 μηδέτερον
2873 1072 2981 1124 τῶν
3011 1071 3318 1143 εἰρημένων
3341 1070 3619 1143 στοιχείων
3643 1073 3790 1125 κατᾶ

2194 1160 2432 1232 φυσικὴν
2469 1161 2753 1215 ἀποτελεῖν
2785 1161 3032 1233 δύναμιν.
3053 1162 3204 1216 Ἐπεὶ
3236 1163 3372 1215 Θεοῦ
3404 1180 3467 1230 γε
3499 1161 3789 1234 βουληθέν-

2192 1266 2302 1313 τος,
2340 1250 2433 1304 καὶ
2457 1249 2631 1321 ψεκὰς
2669 1252 2702 1322 ἡ
2729 1251 3070 1322 σμικροτάτη
3104 1249 3485 1322 προσπεσοῦσα
3507 1251 3601 1303 καὶ
3624 1254 3787 1319 νιφὰς

2192 1342 2224 1411 ἠ
2254 1342 2587 1413 κουφοτὰτη,
2617 1341 2710 1395 τὸν
2730 1341 3011 1412 Ὄλυμπον
3039 1341 3138 1411 τῆς
3164 1341 3524 1405 Μακεδονίας,
3555 1341 3588 1412 ῆ
3616 1358 3667 1393 τι
3692 1340 3787 1394 ἆ).-

2192 1432 2251 1485 λο
2296 1432 2406 1487 τῶν
2466 1434 2736 1505 μεγίστων
2786 1433 2927 1506 ὀρῶν
2973 1436 3242 1507 κινήσειεν
3285 1434 3349 1488 ἂν
3396 1434 3612 1507 ῥαδίως.
3632 1435 3787 1488 Ἑπεὶ

2192 1524 2287 1576 καὶ
2326 1524 2583 1594 φαίνεταί
2607 1525 2866 1589 πολλάκις
2893 1526 2952 1579 τὸ
2985 1526 3138 1580 Θείον
3169 1526 3260 1579 ἐπὶ
3291 1526 3508 1599 παιδείᾳ
3543 1524 3653 1577 τῶν
3691 1528 3786 1579 ἀν-

2194 1616 2452 1690 θρώπων,
2496 1617 2706 1683 τούτοις
2760 1617 3063 1689 χρώμενον.
3096 1619 3208 1690 Τήν
3257 1636 3316 1672 τε
3373 1619 3478 1692 γὰρ
3515 1620 3787 1691 Ἐρυθρὰν

2195 1708 2491 1775 θάλασσαν,
2547 1712 2677 1781 ῥᾷον
2719 1708 2781 1764 ὃν
2827 1709 3022 1781 ἀθρόον
3064 1710 3382 1782 διαστῆσαι,
3434 1712 3571 1782 νότῳ
3622 1712 3786 1783 βιαίῳ

507 1813 691 1872 posset
719 1802 899 1857 subito
925 1801 1257 1866 discindere,
1288 1806 1481 1854 austro
1514 1797 1752 1851 violento
1779 1795 1932 1866 prius
1959 1792 2087 1849 illud

2197 1798 2459 1869 πρότερον
2494 1799 2849 1869 μαστιγώσας
2894 1798 2986 1851 καὶ
3036 1798 3358 1863 συνωθίσας,
3399 1799 3539 1853 οὕτω
3565 1801 3780 1871 διέστη-

509 1896 800 1950 verberans
828 1903 989 1963 atque
1022 1891 1327 1961 impellens,
1357 1891 1432 1944 ita
1464 1890 1683 1945 demum
1714 1886 1899 1942 divisit
1933 1901 1947 1936 :
1984 1900 2089 1939 non

509 1986 653 2056 quod
695 1986 802 2040 ulla
852 1982 1166 2053 hujnsmodi
1217 1982 1389 2036 virtus
1426 1981 1480 2035 in
1514 1988 1704 2034 austro
1749 1977 1912 2031 insita
1958 1976 2091 2030 sita

508 2086 700 2131 natura
732 2094 745 2128 :
778 2075 871 2130 sed
905 2074 1050 2144 quod
1087 2073 1271 2127 divina
1322 2072 1405 2127 vis
1456 2071 1522 2126 ad
1570 2069 1902 2124 voluntatem
1933 2083 2089 2123 suam

506 2162 909 2232 exsequendum
934 2176 998 2215 eo
1031 2176 1127 2215 usa
1163 2159 1343 2214 fuerit.
1368 2158 1472 2215 Sed
1503 2168 1558 2214 et
1586 2161 1731 2229 virga
1758 2157 2089 2229 percutiens,

507 2252 686 2308 fontes
708 2266 970 2322 aquarum
1006 2250 1193 2306 elicuit
1223 2264 1291 2304 ex
1326 2258 1496 2318 petra.
1524 2245 1860 2301 thJordanis
1888 2243 2090 2299 fluenta

505 2348 711 2412 lepram
750 2352 1016 2399 sanarunt
1041 2361 1055 2396 :
1083 2357 1191 2397 non
1219 2339 1365 2412 quod
1394 2355 1582 2395 eorum
1608 2347 1802 2393 natura
1833 2337 1934 2392 ista
1963 2349 2092 2405 ope-

506 2437 613 2491 rari
641 2435 837 2500 valeat,
878 2434 970 2489 sed
1010 2435 1138 2503 quia
1178 2432 1405 2488 Creator
1438 2430 1681 2502 singulas
1710 2438 1992 2483 creaturas
2021 2427 2088 2481 ad

505 2546 628 2585 eum
655 2545 814 2600 quem
846 2528 1073 2582 voluerit
1105 2543 1264 2583 usum
1294 2524 1717 2589 transmutandi,
1759 2522 1973 2593 plenam
2005 2530 2087 2575 at-

504 2638 609 2693 que
639 2621 1009 2676 ontnimolam
1044 2621 1239 2675 habeat
1267 2627 1613 2689 potestatem.

577 2716 600 2768 1
622 2716 665 2767 l.
696 2713 966 2768 Lucianus
987 2712 1446 2782 Constantinopoli
1469 2728 1612 2767 novae
1632 2720 1786 2766 secta:
1808 2717 2092 2764 auctor.—

504 2805 633 2862 Post
680 2815 905 2861 mortem
954 2804 1207 2868 Eudoxii,
1237 2804 1330 2875 qui
1374 2802 1853 2872 Constantinopoli
1902 2799 2088 2855 Euno-

501 2897 810 2951 mianorum
856 2908 1016 2951 sectae
1064 2896 1376 2966 prml‘uerat,
1418 2894 1695 2950 Lucianus
1747 2894 1954 2949 sororis
1988 2891 2092 2950 Eli?

499 2992 670 3045 nomii
698 2990 843 3045 Illius
874 2990 928 3043 in
960 2989 1079 3059 ejus
1105 2989 1285 3044 locum
1325 2988 1697 3043 substituitur.
1736 2986 1892 3041 llunc
1915 2998 2089 3056 porro

498 3086 673 3150 aiunt,
702 3100 826 3140 eum
875 3083 930 3137 in
974 3083 1256 3138 avaritiam
1285 3090 1340 3137 et
1368 3092 1598 3151 cognata
1627 3080 1758 3135 vitia
1802 3080 2087 3150 prolapsus
2115 3118 2160 3178 ο

502 3185 665 3241 esset,
695 3189 1023 3245 pmnamque
1055 3174 1125 3229 ob
1146 3174 1199 3228 id
1231 3183 1513 3238 metueret,
1546 3189 1576 3227 a
1607 3173 1938 3243 reliquorum
1964 3172 2087 3242 qui-

500 3269 622 3321 dem
663 3265 1129 3331 Eunomianorum
1160 3275 1307 3319 secta
1342 3279 1463 3319 sese
1496 3264 1815 3334 abrupisse;
1856 3265 2087 3333 propria:

499 3370 630 3409 vero
658 3353 909 3409 factionis
939 3355 1240 3424 principem
1272 3356 1567 3421 exstitisse,
1603 3370 1702 3409 nec
1731 3363 2085 3411 contemnen-

500 3449 583 3501 da-
624 3445 960 3500 multitudini
1006 3445 1308 3516 przefuisse,
1357 3461 1480 3501 cum
1522 3446 1752 3516 improbi
1795 3462 1986 3502 onmes
2029 3455 2084 3503 et

499 3540 732 3596 diversis
770 3539 911 3593 vitiis
938 3539 1196 3608 implicati
1226 3539 1294 3593 ad
1328 3555 1453 3594 eum
1479 3538 1888 3595 confluxissent.

573 3633 659 3686 12.
681 3632 979 3686 Constantii
1002 3631 1148 3685 breve
1181 3631 1552 3702 ἕταροι-ἰωνιζῶ
1591 3658 1660 3669 ——
1686 3630 1960 3687 Honorius
1982 3634 2083 3686 im-

496 3732 716 3793 perator
750 3722 1131 3777 Constantium
1178 3723 1497 3793 magistrum
1536 3722 1767 3776 militum
1803 3722 1875 3776 ob
1910 3722 2082 3777 afﬁni-

498 3818 626 3872 tatis
662 3817 919 3869 honorem
969 3815 1032 3870 ad
1086 3818 1422 3870 consortium
1465 3815 1676 3884 imperii
1713 3815 1925 3876 ascivit,
1957 3831 2078 3871 cum

497 3906 734 3963 Placidia
773 3905 1206 3961 Valentinianum
1248 3907 1296 3961 ei
1348 3906 1515 3961 [ilium
1562 3907 1675 3977 jam
1732 3907 2074 3977 peperisset:

496 4002 583 4055 cui
613 4000 831 4070 quidem
874 3997 1256 4053 Valentiniano
1292 3996 1567 4054 llonorius
1613 3997 1942 4053 nobilissimi
1997 3997 2081 4051 di-

496 4092 755 4160 gnitatem
790 4088 997 4143 tribuit.
1032 4085 1334 4143 Constantii
1364 4088 1527 4158 igitur
1557 4087 1844 4159 imagines,
1878 4096 1936 4142 ιιι
1962 4101 2081 4141 mo-

495 4183 573 4236 ris
616 4193 736 4234 erat
781 4195 973 4233 eorum
1022 4180 1116 4250 qui
1168 4194 1358 4234 recens
1409 4178 1476 4234 ad
1528 4178 1815 4248 imperium
1845 4178 2078 4249 promoti

494 4280 670 4334 erant,
706 4270 894 4323 missze
942 4278 1072 4323 sunt
1116 4270 1170 4323 in
1214 4269 1513 4325 Orientem.
1553 4269 1658 4324 Sed
1711 4269 2074 4334 Theodosius,

495 4378 620 4417 cum
651 4361 1113 4428 nuncupationem
1147 4374 1432 4430 augustam
1463 4361 1772 4417 Constantii
1804 4363 2079 4432 improba-

2197 1907 2309 1950 σεν.
2331 1893 2398 1962 τῇ
2427 1891 2522 1944 τοῦ
2545 1891 2702 1945 νότου
2728 1890 2889 1960 φύσει
2920 1891 3191 1963 μηδεμιᾶς
3212 1892 3497 1963 δυνάμεως
3525 1882 3783 1966 τοιαύτης

2193 1981 2686 2054 ἐγκαθιδρυμένης,
2720 1983 2855 2037 ἀλλὰ
2888 1983 2988 2054 τῆς
3032 1984 3237 2038 ἄνωθεν
3279 1986 3451 2058 ῥοπῆς
3484 1988 3783 2059 ὑπερφυῶς

2193 2072 2344 2144 αὑτῷ
2371 2075 2724 2146 χρησαμένης
2747 2074 2884 2145 πρὸς
2910 2074 2971 2127 τὸ
2996 2076 3193 2129 οἰκεῖον
3223 2075 3490 2147 βούλημα.
3534 2074 3640 2132 Καὶ
3688 2078 3782 2150 ῥά-

2192 2163 2314 2229 ϐδος
2355 2165 2412 2219 δὲ
2446 2165 2628 2238 πηγὰς
2662 2168 2725 2220 ὲκ
2755 2165 2957 2238 πέτρας
2986 2167 3242 2238 ναμάτων
3290 2168 3599 2239 πλήττουσα
3646 2187 3782 2242 προ-

2191 2256 2334 2328 χέει·
2388 2258 2483 2311 καὶ
2527 2258 2791 2330 Ἰορδάνου
2836 2259 3029 2332 ῥεῖθρα
3077 2260 3399 2334 καθαίρουσι
3443 2261 3672 2335 λέπραν,
3713 2264 3779 2316 οὑ

2190 2349 2289 2420 τῆς
2316 2349 2533 2419 φύσεως
2559 2349 2738 2405 αὑτῶν
2769 2351 2944 2406 ταῦτα
2980 2352 3111 2425 δρᾷν
3138 2353 3561 2425 ἐνδυναμοὺσης,
3601 2355 3693 2408 τοῦ
3720 2356 3781 2411 δὲ

2193 2441 2435 2498 πλάστου
2468 2444 2867 2515 μεταπλάττειν
2896 2444 3125 2499 ἕκαστον
3151 2445 3257 2498 τῶν
3282 2445 3583 2517 δημιουργη
3594 2447 3779 2516 μάτων

2191 2536 2327 2608 πρὸς
2358 2534 2424 2607 ἢν
2451 2535 2517 2589 ἂν
2545 2535 2719 2589 ἐθέλοι
2748 2536 2958 2611 χρείαν,
2985 2536 3183 2609 πολλὴν
3212 2538 3304 2589 καὶ
3333 2536 3607 2591 ἀκώλυτον
3635 2539 3780 2610 ἔχον-

2190 2644 2283 2692 τος
2303 2627 2404 2699 τὴν
2430 2627 2699 2693 ἐξουσίαν.

2206 2736 2209 2739 ·
2268 2723 2358 2773 ια’.
2401 2719 2525 2773 Ὀτι
2577 2719 2715 2790 μετᾶ
2760 2718 2988 2773 θάνατόν
3044 2719 3294 2787 Εὑδοξίου
3326 2720 3424 2789 (a),
3457 2720 3519 2785 ὃς
3563 2720 3664 2793 τῆς
3717 2722 3779 2773 ἐν

2191 2808 2760 2864 Κωνσταντινουπόλει
2814 2810 3157 2881 Εὑνομιανῆς
3251 2817 3574 2888 συναγωγῆς
3672 2813 3775 2866 ὑπ-

2189 2900 3204 2978 ῆρχε(ὑ),Λουκιανδςἁντικαθίσταται,
3248 2905 3377 2968 παῖς
3418 2903 3495 2959 ὢν
3535 2904 3776 2976 ἀδελφῆς

2190 2990 2478 3063 Εὑνομίου.
2508 2991 2710 3045 Τοῦτον
2753 2992 2817 3064 δή
2860 3011 3024 3064 φασιν
3066 2997 3146 3060 εἰς
3188 2995 3554 3070 φιλαργυρίαν
3581 3015 3643 3050 τε
3677 2999 3776 3053 καὶ

2189 3081 2256 3134 τὰ
2282 3082 2520 3153 συγγενῆ
2551 3083 3017 3157 κατολισθήσαντα
3045 3087 3213 3158 πάθη,
3246 3089 3338 3143 καὶ
3369 3089 3467 3161 τὴν
3493 3089 3579 3143 ἐπ’
3601 3090 3775 3163 αὑτῆς

2189 3172 2540 3245 ὑφορώμενον
2574 3175 2752 3249 δίκην.
2793 3179 3085 3251 ἀποσχίσαι
3120 3180 3221 3251 μὲν
3254 3180 3353 3251 τῆς
3396 3180 3559 3255 ἄλλης
3603 3183 3774 3237 Εὑνο-

2191 3267 2399 3337 μιανῶν
2431 3268 2654 3340 μοίρας”
2696 3270 2832 3335 ιδίας
2858 3272 2915 3325 δὲ
2950 3274 3262 3346 συμμορίας
3299 3274 3538 3346 ἀρχηγὸν
3578 3276 3775 3330 ἑαυτὸν

2185 3358 2480 3425 ἀναδεῖξαι,
2504 3360 2599 3413 καὶ
2630 3362 3012 3434 συντάγματος
3039 3364 3139 3418 οὑκ
3169 3364 3644 3436 εὐκαταφρονήτου
3673 3366 3776 3439 ἄρ-

2185 3449 2303 3517 ξαι·
2343 3450 2563 3505 πάντων
2584 3452 2692 3505 τῶν
2724 3455 3037 3526 ὲπιρρήτων
3065 3472 3125 3507 τε
3155 3455 3247 3508 καὶ
3277 3455 3543 3520 ποικίλοις
3569 3456 3774 3512 aries:

2184 3541 2652 3612 καθωπλισμένων
2679 3543 2815 3614 πρὸς
2839 3546 3001 3599 αὑτὸν
3031 3549 3482 3621 ἀπερῤυηκότων.

2265 3634 2355 3690 ιε’.
2399 3636 2522 3689 Ὅτι
2570 3634 2823 3709 Ὀνώριος
2866 3641 2896 3692 ὁ
2945 3639 3196 3708 βασιλεὺς
3247 3643 3624 3697 Κωνστάντιον
3677 3644 3778 3697 τὸν

2185 3725 2486 3798 στρατῆγὸν
2511 3727 2653 3781 κατὰ
2683 3728 2848 3800 τιμὴν
2882 3730 2975 3784 τοῦ
3023 3733 3220 3804 κήδους
3261 3735 3341 3797 είς
3381 3734 3440 3787 τὸ
3477 3735 3579 3804 τῆς
3614 3734 3777 3805 βασι-

2182 3818 2331 3884 λείας
2384 3818 2865 3891 προσλαμσάνεται
2936 3823 3250 3896 σκῆπτρονο
3302 3825 3405 3895 ἤδη
3455 3826 3550 3879 καὶ
3606 3827 3779 3880 παῖδα

2183 3909 2630 3966 Οὖαλεντινιανδν
2667 3912 2767 3984 τῆς
2798 3912 3095 3977 Πλακιδίας
3147 3913 3296 3985 αὑτῷ
3340 3916 3695 3987 γειναμένης

2181 4003 2278 4056 καὶ
2328 4002 2430 4074 τὴν
2489 4003 2585 4057 τοῦ
2639 4004 3072 4074 ἐπιφανεστάτου
3132 4004 3398 4076 περιῆψεν
3447 4007 3476 4059 ὁ
3517 4005 3777 4077 Ὀνώριος

2184 4093 2361 4159 ἀξίαν.
2393 4094 2458 4146 Ai
2509 4093 2567 4148 δὲ
2614 4094 2708 4148 τοῦ
2759 4093 3140 4165 Κωνσταντίου
3170 4095 3396 4160 εἰκόνες,
3427 4096 3503 4160 ὡς
3547 4096 3668 4161 ἔθος
3701 4094 3777 4170 ἦν

2178 4188 2292 4249 τοῖς
2320 4185 2445 4257 ἄρτι
2486 4185 2847 4257 παρελθοῦσιν
2895 4189 2975 4250 εἰς
3024 4186 3297 4257 βασιλείαν
3327 4188 3607 4259 πράττειν,
3635 4191 3774 4243 ἀνα-

2180 4278 2489 4350 πέμπονται
2518 4279 2654 4350 πρὸς
2690 4280 2790 4351 τὴν
2821 4278 2983 4350 ἑῴαν.
3031 4279 3170 4332 Ἀλλ’
3195 4280 3224 4333 ὃ
3249 4296 3313 4349 γε
3354 4281 3628 4345 Θεοδόσιος
3667 4283 3773 4337 οὑκ

2178 4370 2542 4444 ἀρεσκόμενος
2566 4374 2629 4443 τῇ
2656 4372 2974 4444 ἀναρρήσει,
3008 4373 3070 4425 οὑ
3108 4374 3361 4443 προσίετο
3398 4373 3620 4437 ταύτας.
3656 4374 3772 4430 Καὶ

496 4463 597 4516 ret,
634 4451 898 4519 imagines
942 4450 1059 4519 eius
1108 4466 1212 4503 non
1261 4452 1499 4506 admisit.
1534 4453 1782 4522 Cumque
1809 4452 2076 4509 Constanc

2193 4461 2243 4532 Ξὴ
2273 4461 2636 4532 Κωνσταντίῳ
2667 4461 3212 4534 παρασκευαζομένῳ
3242 4463 3333 4517 διὰ
3358 4464 3457 4535 τὴν
3487 4464 3644 4537 ὓϐριν
3671 4467 3772 4520 ἐπὶ

496 4547 604 4598 lius
630 4543 701 4597 ob
736 4542 876 4594 hanc
898 4542 1282 4595 contumeliam
1314 4558 1435 4598 sese
1483 4543 1551 4596 ad
1601 4544 1803 4598 bellum
1837 4557 2074 4614 pararet,

494 4648 645 4687 mors
678 4631 1083 4701 superveniens,
1114 4635 1222 4686 vita
1253 4632 1416 4686 simul
1462 4643 1513 4688 et
1554 4633 1703 4687 curis
1727 4648 1851 4688 eum
1879 4635 2078 4691 libera-

495 4723 592 4788 vit,
622 4737 746 4778 cum
777 4721 1100 4792 imperasset
1130 4723 1408 4778 mensibus
1447 4738 1562 4779 sex.

514 4836 517 4839 ι
567 4806 651 4869 15.
699 4813 921 4868 llonorii
977 4813 1174 4868 obitus.
1230 4812 1461 4869 Joannes
1523 4826 1799 4886 tyrannus.
1830 4816 2076 4871 Ardabu-

491 4910 627 4962 rius.
671 4904 843 4975 Aspar
872 4906 972 4977 (6).
995 4936 1065 4945 —
1085 4906 1382 4961 Consulatu
1414 4908 1756 4979 imperatoris
1780 4907 2073 4964 Theodosii

493 4999 703 5056 decimo
754 5007 809 5054 et
852 4997 1077 5053 Honorii
1130 4998 1544 5066 tertiodeeimo,
1607 4999 1749 5054 idem
1803 4998 2074 5055 Honorius

2181 4553 2440 4622 πόλεμον,
2473 4552 2569 4606 καὶ
2595 4553 2695 4623 τῆς
2729 4550 2877 4623 ζωῆς
2899 4553 2993 4607 καὶ
3023 4553 3134 4607 τῶν
3161 4554 3458 4625 φροντίδων
3487 4556 3718 4620 ἐπιστὰς
3740 4560 3774 4611 ὁ

2181 4644 2408 4708 θάνατος
2448 4642 2546 4715 τὴν
2596 4642 2916 4715 ἀπαλλαγὴν
2965 4645 3216 4717 παρέχει,
3247 4632 3623 4716 βασιλεύσαντι
3658 4651 3769 4720 μῆ-

2181 4751 2276 4797 νας
2303 4730 2382 4797 ἓξ.

2254 4773 2275 4797 ἱ
2303 4770 2382 4797 θῖ⁹

2254 4828 2340 4890 ιγ’.
2390 4822 2510 4876 Ὀτι
2556 4824 2613 4875 ὲν
2659 4823 2901 4896 ὑπατεία
2944 4816 3039 4878 τοῦ
3092 4824 3355 4896 βασιλέως
3389 4824 3670 4880 Θεοδοσίου
3704 4828 3771 4881 τδ

2177 4911 2425 4977 δέκατον,
2440 4913 2535 4967 καὶ
2558 4912 2818 4985 Ὀνωρίου
2847 4913 2910 4967 τὸ
2928 4914 3576 4985 τρισκαιδέκατον,αὑτδς
3597 4916 3772 4970 ’0νώ-

2181 5021 2296 5071 ριος
2338 5005 2511 5077 ὑδέρῳ
2535 5005 2782 5077 τελευτᾷ.
2810 5007 2923 5060 Καὶ
2956 5006 3211 5079 Ἰωάννης
3263 5007 3537 5080 τυραννίδι
3579 5006 3765 5063 ἐπιθέ-

1722 5172 1963 5217 VALESII
2001 5174 2497 5222 ANNOTATIONES.

563 5276 640 5347 (5)
679 5275 834 5331 Socr.
864 5276 954 5331 lib.
991 5292 1085 5343 vn,
1126 5291 1245 5347 cap.
1285 5277 1374 5331 24.

2244 5283 2324 5355 (6)
2364 5284 2519 5341 Socr.
2555 5285 2646 5340 lib.
2676 5301 2774 5354 vn,
2807 5302 2928 5358 cap.
2956 5287 3047 5345 23.

1955 5422 2303 5469 VARIORUM.

563 5512 642 5581 (α)
679 5512 841 5566 Μετὰ
866 5513 1124 5570 θάνατον
1146 5516 1459 5583 Εὐδοξιου.
1506 5518 1630 5576 Hmc
1654 5520 1821 5578 refert
1854 5524 2059 5583 Gotho-

489 5578 675 5660 fredus
718 5598 863 5660 anno
890 5578 1624 5660 420._quando_Eunomiaui
1672 5578 1883 5660 procul
1911 5578 2057 5652 Con-

489 5654 845 5730 stantiuopoli
872 5655 1046 5730 abacti
1078 5667 1224 5730 sunt.
1254 5657 1646 5730 Annopquippe
1672 5654 1799 5729 κισ,
1828 5681 2060 5721 conven-

484 5730 577 5777 tus
617 5738 803 5779 eorum
834 5723 886 5778 in
920 5726 1049 5781 urbe
1076 5726 1383 5785 inhibuerat
1408 5723 1741 5792 Theodosius
1771 5723 1874 5792 sub
1896 5751 2058 5808 pinna

2166 5528 2559 5602 deportationis
2574 5530 2890 5602 domusque
2918 5531 3356 5602 proscriptionis.
3388 5533 3445 5587 ά.
3477 5533 3570 5587 lib.
3596 5549 3765 5596 um.

2167 5598 2298 5723 ﬁndi:
2330 5599 2523 5722 Tlhefd.
2547 5600 2612 5653 de
2644 5601 2903 5655 hcretibis
2922 5598 2947 5652 ξ
2969 5602 3112 5672 quod
3134 5598 3459 5658 'observavit
3490 5604 3630 5659 idem
3656 5604 3768 5663 Go-

2210 5685 2260 5723 ιο
2291 5685 2364 5723 τοι
2390 5686 2476 5724 u..

2240 5740 2313 5810 (li)
2364 5737 2636 5811 ἰ’πῆρχε.
2682 5739 2992 5814 Legendum
3023 5743 3255 5815 ἐπῆρχε.
3290 5742 3378 5803 W.
3403 5742 3610 5802 Lowth.
