3996 6340
241 405 353 464 625

1292 413 1796 474 SUPPLEMENTA
1839 420 2462 480 PHILOSTORGIANA.

3401 427 3513 485 εει

235 518 382 607 φανά
431 518 510 573 tui
552 530 694 576 metu
740 522 968 591 perculsi
1016 525 1278 596 impietati
1331 529 1817 601 subscripserimus.
1849 533 1929 589 Ex
1958 551 2067 605 quo
2095 534 2297 591 factum
2332 536 2423 601 sit,
2454 544 2515 591 ut
2561 536 2856 607 imperator
2899 538 3300 596 excandescens
3329 553 3428 596 eos
3453 540 3512 596 in

236 606 491 666 Galatiae
515 626 611 667 seu
641 609 844 669 Gallias
876 613 1134 672 occiduas
1164 618 1441 689 relegarit,
1465 631 1523 677 et
1549 621 1785 679 Arianos
1814 640 1913 680 sua
1941 641 2215 697 quemque
2244 627 2419 696 patria
2451 626 2711 682 excedere
2735 627 2981 697 jusserit.

474 722 553 777 De
584 723 814 781 Paulino
844 741 925 795 ep.
958 728 1282 784 Antiocheno
1313 732 1454 801 facta
1481 750 1499 787 :
1525 735 1664 804 quod
1695 735 1854 805 refert
1892 735 2111 793 Nicetes
2144 738 2199 792 in
2224 737 2509 793 Thesauro
2538 739 2755 794 orthod.
2790 739 2905 805 ﬂd.,
2937 740 3030 795 lib.
3060 757 3112 803 v,
3144 756 3190 797 ι.
3220 743 3273 799 9.

315 834 480 891 Solus
508 834 904 910 Philostorgius
933 841 1074 897 libro
1104 841 1472 900 Historiarum
1504 850 1762 914 secundo,
1797 848 2086 905 Paulinum
2120 850 2262 923 Τ)το
2292 851 2639 908 Antiochiam
2670 854 2992 911 translatum
3038 855 3129 926 (in
3171 857 3352 914 locum
3399 856 3513 915 Eu-

237 929 452 1000 stathii)
477 940 668 987 auctor
692 945 795 989 est.

506 1060 581 1116 De
609 1062 763 1118 Aetio
796 1073 848 1118 et
873 1064 1159 1135 Eunomio,
1187 1085 1251 1123 ea:
1278 1087 1379 1125 uno
1408 1088 1437 1127 ε
1462 1088 1553 1126 sca:
1580 1074 1848 1142 prioribus
1870 1078 1986 1145 ejus
2011 1075 2185 1141 libris,
2213 1077 2467 1145 referente
2500 1078 2695 1133 Plautio
2727 1079 2780 1133 in
2807 1078 3062 1136 Bibliotli.
3089 1097 3145 1135 ιι.
3173 1080 3263 1137 40.

326 1171 560 1242 Ἐξαίρει
585 1174 643 1227 δὲ
670 1177 727 1228 ὲν
755 1176 852 1246 μὲν
886 1177 1063 1246 λόγοις
1099 1181 1335 1251 μάλιστα
1372 1184 1577 1238 Ἀέτιον
1609 1185 1703 1238 καὶ
1722 1186 1825 1238 Εὐ-
1852 1234 1859 1247 ,

2010 1187 2232 1241 Extollit
2263 1203 2399 1243 vero
2447 1189 2501 1243 in
2554 1191 2901 1247 sermonibus
2954 1192 3192 1247 maxime
3215 1191 3518 1249 Aetiumet

237 1263 450 1336 νόμιον,
489 1265 681 1335 μόνους
717 1267 1063 1339 ἁνακαθάραι
1095 1269 1164 1324 τὰ
1186 1275 1286 1342 τῆς
1313 1273 1595 1336 εὐσεϐείας
1622 1273 1829 1345 δόγμα-υ

234 1372 310 1409 τα
342 1356 424 1428 τῷ
457 1357 634 1429 χρόνῳ
663 1361 1093 1431 συγκεχωσμένα
1124 1363 1567 1435 τερατευόμενος.

1936 1274 2290 1340 Eunomium,
2347 1277 2488 1334 falso
2538 1295 2814 1344 asserens,
2844 1296 2939 1337 eos
2994 1283 3142 1338 solos
3191 1294 3517 1353 repurgasso

1933 1368 2151 1437 pietatis
2178 1368 2435 1439 dogmata
2463 1380 2705 1437 tempore
2731 1373 3121 1428 contaminata.

912 1473 988 1529 De
1014 1476 1214 1531 Acacio
1242 1478 1502 1535 Caesareae
1526 1480 1647 1537 Pal.
1682 1499 1788 1551 ep.,
1814 1482 1956 1553 apud
1998 1482 2243 1538 Photium
2282 1486 2340 1540 in
2377 1485 2633 1542 Biblioth.
2663 1505 2718 1543 η.
2754 1489 2843 1543 40.

311 1587 632 1655 Κατηγορεῖ
679 1585 735 1637 δὲ
778 1585 1032 1641 Ἀκακίου
1083 1589 1317 1658 μάλιστα
1353 1591 1449 1645 τοῦ
1484 1593 1823 1664 Καισαρείας

233 1675 341 1744 τῆς
366 1674 504 1728 κατὰ
542 1675 904 1748 Παλαιστίνην
932 1679 1405 1750 ὲπισκοπήσαντος
1445 1682 1726 1755 δεινότητα
1766 1702 1824 1737 τε

235 1764 649 1837 ἀνυπέρϐλητον
695 1768 789 1820 καὶ
821 1768 1158 1839 κακουργίαν
1202 1769 1437 1840 ἄμαχον,
1473 1771 1591 1841 μεθ’
1622 1766 1697 1826 ὧν
1732 1775 1826 1826 καὶ

238 1860 463 1913 πάντων
494 1858 628 1929 φησὶ
657 1859 979 1930 κατισχύσαι
1020 1859 1130 1913 τῶν
1164 1877 1227 1913 τε
1255 1862 1574 1932 ὁμοφρόνων
1602 1863 1824 1917 δοκούν-

235 1967 371 2009 των.
397 1950 477 2012 είς
501 1950 777 2021 ἔχθραν,δέ
801 1968 920 2006 τινα
944 1952 1351 2016 καταστάντων,
1383 1954 1477 2008 καὶ
1501 1954 1609 2008 τῶν
1624 1957 1826 2023 τάναν-

234 2044 332 2098 τία
358 2043 795 2115 θρησκευόντων.

2000 1592 2368 1664 Reprehendit
2393 1613 2521 1654 vero
2539 1599 2722 1656 Acacii
2744 1603 2978 1656 maxime
2994 1599 3255 1659 Caesarea:
3270 1602 3516 1661 Palaesti-

1930 1700 2013 1739 nae
2042 1686 2281 1756 episcopi
2311 1688 2420 1743 vim
2451 1690 2669 1745 dicendi
2703 1692 3100 1747 intolerabilem
3128 1703 3182 1749 et
3209 1696 3508 1751 versutiam

1931 1777 2438 1848 inexpugnabilem,
2474 1780 2675 1850 quibus
2725 1797 2851 1837 eum
2912 1783 3123 1839 artibus
3168 1785 3513 1853 oppressisse

1931 1868 2008 1921 ait
2041 1882 2152 1936 pra:
2176 1869 2431 1925 omnibus
2466 1879 2573 1925 tam
2600 1886 2694 1927 eos
2725 1874 2817 1942 qui
2853 1873 2992 1928 idem
3029 1876 3233 1931 sentire
3264 1877 3513 1933 videren-

1932 1968 2040 2021 tur,
2078 1960 2203 2015 odio
2237 1969 2419 2016 tamen
2450 1963 2686 2032 quodam
2718 1963 2946 2031 divisos,
2971 1980 3136 2035 quam
3157 1967 3434 2023 coutraria
3453 1967 3512 2024 in

1932 2053 2194 2123 religione
2224 2054 2541 2111 sentientes.

1343 2186 1418 2241 De
1443 2188 1615 2255 Actio,
1650 2205 1713 2242 ea:
1740 2189 1921 2245 Photii
1952 2190 2207 2247 Biblioth.
2251 2209 2306 2246 η.
2337 2191 2424 2247 40.

319 2305 547 2377 Ἱστορεῖ
574 2304 632 2358 δὲ
663 2303 771 2358 ἀπὸ
798 2306 896 2377 τῆς
927 2305 1139 2376 Ἀρείου
1170 2308 1299 2377 περὶ
1317 2309 1416 2378 τὴν
1441 2308 1651 2380 αἵρεσιν
1674 2326 1838 2362 σπου-

2009 2312 2278 2368 Narrandi
2314 2328 2476 2383 porro
2506 2313 2720 2369 initium
2752 2312 2879 2369 fecit
2924 2312 2992 2369 ab
3035 2313 3149 2368 Arii
3194 2312 3249 2367 in
3281 2313 3519 2369 heresin

238 2397 337 2468 δῆς
360 2413 420 2451 τε
448 2396 543 2449 καὶ
572 2394 905 2465 κατάρξεως,
947 2397 1106 2470 μέχρι
1156 2397 1255 2467 τῆς
1288 2397 1495 2451 Ἀετίου
1528 2398 1621 2451 τοῦ
1650 2400 1832 2453 δυσσε-

239 2488 501 2541 ϐεστάτου
526 2486 896 2556 ἀνακλήσεως.
921 2482 1086 2550 Οὗτος
1115 2486 1170 2541 δὲ
1196 2489 1224 2541 ὁ
1266 2488 1470 2552 Ἀἑτιος
1500 2489 1630 2560 παρ’
1652 2489 1831 2543 αὑτῶν

242 2576 347 2647 μὲν
392 2575 502 2628 τῶν
550 2575 1003 2646 συναιρεσιωτῶν,
1033 2576 1121 2629 διὰ
1150 2576 1210 2628 τὸ
1242 2576 1528 2640 κάκείνους
1558 2577 1831 2648 ὑπερϐάλ-

243 2667 439 2721 λεσθαι
488 2669 556 2737 τῇ
586 2666 893 2739 δυσσεόείᾳ,
922 2667 997 2730 ὡς
1031 2666 1192 2731 αὐτὸς
1227 2663 1379 2732 οὗτος
1409 2668 1502 2722 καὶ
1534 2669 1609 2740 μὴ
1644 2669 1830 2739 βουλό-

244 2774 407 2831 μενος
435 2758 655 2830 ἱστορεῖ,
682 2759 782 2829 τῆς
819 2758 1098 2823 διακονίας
1146 2760 1424 2832 καθῃρέθη
1453 2777 1467 2791 ο
1502 2762 1607 2813 ὑπὸ
1642 2761 1698 2813 δὲ
1732 2760 1825 2814 τοῦ

239 2850 671 2904 δυσσεϐεστάτου
710 2850 998 2905 Ἰουλιανοῦ
1032 2850 1302 2923 ἀνεκλήθη
1341 2868 1398 2922 τε
1446 2854 1540 2904 καὶ
1567 2852 1826 2923 φιλοφρό-

240 2958 352 3006 νως
382 2942 659 3013 ὲδεξιὼθη.

1932 2406 2115 2461 studio
2145 2414 2199 2460 et
2231 2407 2408 2471 initio,
2445 2406 2511 2461 ad
2551 2405 2691 2461 Aetii
2747 2405 3059 2475 impiissimi
3110 2404 3515 2460 revocationem

1932 2513 2128 2567 usque.
2167 2497 2267 2554 llic
2310 2514 2436 2554 vero
2487 2498 2678 2553 Aetius
2715 2512 2744 2554 a
2779 2498 3117 2554 cohaereticis
3176 2497 3330 2569 ipsis,
3365 2499 3514 2569 quod

1931 2590 2080 2659 ipsos
2110 2590 2384 2659 impietate
2413 2600 2715 2660 superaret,
2758 2599 2816 2644 ut
2845 2590 2935 2644 hic
2967 2589 3195 2661 ipsemet
3228 2589 3393 2645 etiam
3421 2589 3519 2645 in-

1933 2680 2076 2734 ritus
2126 2689 2334 2747 narrat,
2364 2679 2654 2735 diaconatu
2716 2682 3038 2749 submotus;
3072 2682 3140 2736 ab
3186 2681 3519 2753 impiissimo

1934 2784 2061 2824 vero
2112 2768 2329 2825 Iuliano
2379 2781 2663 2827 revocatus
2714 2784 2769 2828 et
2814 2773 3210 2829 humanissime
3258 2781 3525 2844 exceptus

1934 2859 2052 2915 fuit.
2093 2860 2096 2864 λ

1321 3059 1394 3114 De
1428 3058 1652 3123 Basilio,
1677 3077 1743 3115 ex
1771 3058 1947 3115 Plautii
1971 3061 2233 3119 Biblioth.
2272 3081 2325 3119 η.
2362 3065 2451 3121 ιο.

316 3168 597 3223 Βασιλείου
624 3172 683 3224 δὲ
715 3168 809 3224 τοῦ
839 3173 1078 3243 μεγάλου
1108 3174 1468 3247 ἐπεχείρησεν
1498 3176 1695 3244 ὑφᾶναι
1722 3175 1838 3246 μῶ-

247 3277 373 3331 μον,
408 3260 477 3313 δι’
501 3255 563 3315 οὗ
606 3262 983 3337 λαμπρότερον
1028 3265 1214 3331 ἔδειξε.
1248 3267 1358 3337 Τὴν
1406 3268 1504 3337 μὲν
1538 3266 1649 3338 γὰρ
1681 3268 1860 3341 ἰσχὺν,

246 3353 426 3407 καὶτὸ
454 3354 651 3419 κάλλος
682 3357 781 3427 τῆς
825 3359 882 3411 ὲν
923 3360 1035 3423 τοῖς
1077 3359 1450 3431 πανηγύρεσιν
1492 3360 1709 3430 ὁμιλίας
1738 3358 1833 3413 ὑπ’

2013 3180 2216 3235 Basilio
2245 3196 2375 3236 vero
2400 3179 2597 3251 Magno
2626 3181 2958 3237 calumniam
2994 3192 3177 3238 texere
3208 3198 3381 3239 ausus
3406 3194 3492 3239 est

1937 3286 2047 3342 qua
2078 3272 2432 3327 illustriorem
2466 3288 2585 3325 cum
2619 3272 2875 3328 reddidit.
2911 3272 3033 3328 Vim
3066 3274 3212 3329 enim
3258 3282 3314 3330 et
3340 3288 3514 3330 vena.

1934 3373 2128 3419 statem
2164 3364 2436 3419 sermonis
2468 3364 2519 3418 in
2552 3365 2930 3432 conciouibus,
2964 3365 3084 3436 ipsa
3112 3367 3191 3422 rei
3237 3366 3514 3423 evidentia

247 3442 422 3514 αὐτῆς
451 3444 552 3514 τῆς
592 3445 702 3498 τῶν
747 3446 1088 3518 πραγμάτων
1126 3448 1408 3518 ἐνεργείας
1437 3446 1663 3517 ἐϐιάσθη
1691 3464 1832 3515 συμ-

1943 3453 2089 3510 lateri
2121 3465 2351 3510 coactus
2375 3464 2479 3510 est.
2513 3454 2889 3511 Temerarium
2928 3466 3109 3513 tamen
3141 3457 3320 3527 ipsum
3350 3457 3513 3513 homo

249 3533 621 3605 φθέγξασθαι*
668 3536 874 3608 θρασὺν
922 3537 967 3590 δ’
993 3538 1162 3613 αὑτὸν.
1195 3539 1223 3592 ὁ
1262 3539 1493 3603 δείλαιος
1537 3538 1826 3601 ἀποκαλεῖ,

1931 3545 2104 3602 futilis
2154 3547 2409 3616 appellat,
2436 3563 2537 3602 nec
2587 3548 2642 3602 in
2691 3546 2983 3604 refutando
3031 3548 3413 3612 exercitatum.
3443 3562 3515 3605 eo

249 3627 344 3680 καὶ
387 3628 740 3698 ἁντιλογικῶν
769 3631 941 3701 λόγων
965 3632 1212 3702 ἄπειρον,
1247 3632 1348 3695 ὅτι,
1376 3633 1560 3702 φησὶν,
1593 3632 1824 3686 ἀπετόλο
1853 3623 1859 3660 ⁴

1943 3636 2099 3707 quod,
2131 3613 2202 3691 ut
2219 3613 2318 3703 ait,
2341 3635 2596 3693 Eunomii
2632 3638 2788 3694 libris
2812 3638 3144 3709 respondere
3172 3653 3342 3696 ausus
3366 3647 3470 3695 est.

254 3734 427 3790 μησεν
456 3720 720 3788 Εὐνομίαν
746 3725 867 3787 ταῖς
896 3725 1237 3792 συγγραφαῖς
1265 3722 1670 3787 ἀντιτάξασθαι.

1093 3840 1172 3895 De
1195 3840 1421 3896 Leontio
1457 3857 1540 3909 ep.
1572 3838 1822 3909 Tripolis,
1860 3838 2001 3909 apud
2032 3836 2254 3892 Suidam
2289 3838 2341 3891 in
2377 3839 2643 3904 Λεόντιος.

327 3953 431 4007 Τὸν
452 3953 688 4007 τοιοῦτον
708 3954 958 4008 Λεόντιον
982 3954 1456 4027 προσεταιρίζεται
1482 3956 1519 4008 ὁ·
1538 3953 1831 4024 κακόφρων

246 4044 630 4116 Φιλοστόργιος
668 4048 725 4099 ἐν
752 4047 817 4116 τῇ
849 4044 1015 4115 βίϐλῳ
1042 4046 1162 4099 ἀντὶ
1180 4044 1295 4109 τοῦ,
1325 4046 1400 4111 ὡς
1424 4045 1702 4115 ὁμόφρονα
1731 4042 1832 4112 τῆς

265 4138 610 4208 Ἃρειανικῆς
636 4137 800 4191 αὑτοῦ
828 4137 1263 4210 κακοφροσόνης.

2009 3948 2169 4002 Hunc
2199 3964 2328 4003 vero
2362 3947 2646 4002 Leontium
2675 3949 2780 4004 sibi
2813 3950 3052 4006 vindicat
3080 3949 3361 4022 improbus
3383 3950 3511 4007 Plii-

1936 4040 2228 4109 lostorgius
2257 4040 2310 4093 in
2342 4040 2483 4094 libro
2513 4078 2527 4094 .
2557 4078 2573 4094 .
2599 4077 2615 4095 .
2649 4040 2798 4097 velut
2828 4043 3253 4096 consentientem
3295 4044 3512 4102 Arianae

1937 4145 2051 4186 sua:
2080 4130 2433 4201 improbitati.

343 4266 422 4322 De
449 4265 702 4337 Jordanc,
729 4280 776 4324 et
811 4272 874 4326 de
905 4269 1172 4334 Pancade.
1203 4271 1341 4355 quod
1373 4271 1522 4324 habet
1554 4269 1786 4325 Joannes
1815 4268 1859 4323 Α

1944 4266 2178 4321 ochensis
2242 4258 2378 4333 Περὶ
2415 4261 2794 4334 ἀρχαιολογίας
2832 4261 2941 4318 ἀπὸ
2972 4258 3072 4330 τῆς
3113 4256 3350 4329 ἱστορίας

1678 4361 2076 4434 Φιλοστοργίου.

335 4460 453 4512 Ἐπ’
476 4460 722 4529 ἐσχάτοις
750 4460 845 4529 τῆς
877 4459 1234 4531 Παλαιστίνης
1267 4459 1521 4530 τέρμασι,
1561 4455 1676 4527 μεθ’
1699 4456 1765 4526 ἢν
1795 4454 1828 4525 ή

2009 4450 2092 4504 Ad
2118 4458 2391 4504 extremos
2414 4446 2718 4504 Palaestina:
2749 4448 2906 4515 lines,
2954 4458 3244 4521 postquam
3296 4449 3515 4507 Phorci-

249 4554 362 4606 τῶν
411 4552 673 4605 Φοινίκων
725 4551 1024 4621 ἐκδέχεται.
1056 4555 1234 4607 κεῖται
1280 4551 1434 4614 πόλις
1481 4551 1588 4603 Δᾶιν
1638 4551 1833 4619 ὀνομα-

1943 4542 2019 4596 cia
2044 4541 2266 4610 excipit,
2300 4541 2403 4595 sita
2428 4550 2514 4594 est
2545 4539 2678 4597 urbs
2717 4555 2839 4615 qua:
2870 4539 2984 4596 Dan
3036 4543 3192 4615 plus
3221 4542 3518 4598 vocabatur

252 4645 447 4697 σθεῖσα
478 4644 741 4715 πρότερον
762 4644 827 4696 ὲκ
855 4644 953 4715 τῆς
982 4642 1076 4697 τοῦ
1098 4642 1203 4698 Δὰν
1226 4642 1420 4713 φυλῆς,
1449 4641 1687 4713 ὁπηνίκα
1708 4640 1837 4711 χρό-

252 4751 346 4788 νον
374 4735 460 4789 ἐπ’
487 4736 588 4789 οὐκ
621 4735 801 4803 ὀλίγον
833 4728 980 4788 οὗτοι
1009 4735 1074 4806 δὴ
1105 4735 1255 4805 μόνοι
1286 4733 1381 4788 τοῦ
1416 4732 1617 4795 παντὸς
1652 4731 1838 4793 ἔθνους

254 4826 621 4898 πλανώμενοι,
653 4827 959 4881 τελευταῖον
1002 4827 1069 4879 τὰ
1110 4825 1284 4898 ταύτῃ
1328 4825 1687 4894 κατασχόντες
1731 4841 1839 4893 χω-

261 4917 376 4990 ρία,
412 4918 571 4988 μόγις
600 4916 942 4989 ἱδρύνθησαν.
975 4918 1069 4972 καὶ
1100 4917 1253 4969 πόλιν
1279 4915 1371 4969 ἐπὶ
1391 4918 1500 4977 τοῖς
1531 4916 1719 4986 ἄκροις
1740 4914 1838 4967 αὐ-

256 5007 372 5063 τῶν
398 5008 548 5079 ὄρεσι
572 5007 909 5077 δειμάμενοι,
934 5007 1033 5078 τὴν
1058 5006 1152 5061 τοῦ
1173 5007 1453 5077 Φυλάρχου
1478 5005 1625 5072 σφῶν
1651 5004 1842 5073 ἐπέθη-

260 5114 367 5151 καν
414 5095 626 5166 κλῆσιν.
659 5095 770 5149 Kal.
815 5095 975 5147 τοῦτο
1022 5091 1090 5166 ἦν
1130 5094 1230 5163 τῆς
1265 5092 1525 5153 Ἰουδαίας
1555 5091 1583 5142 ὁ
1614 5089 1841 5160 ἔσχατος

261 5186 402 5259 πρὸς
435 5185 687 5253 Φοινίκην
715 5184 859 5254 ὅρος.
888 5183 1105 5255 Ταύτην
1135 5181 1311 5254 χρόνῳ
1343 5179 1566 5252 ὕστερον
1595 5177 1840 5252 Ἡρώδης

260 5282 293 5333 ό
324 5277 499 5348 μέγας
531 5276 914 5347 οἰκοδομήσας,
942 5275 1275 5348 Καισάρειαν
1302 5273 1571 5328 Φιλίππου
1606 5273 1842 5342 μετωνό-

267 5386 410 5442 μασε
429 5384 444 5399 ο
492 5368 586 5420 νῦν
618 5366 675 5419 δὲ
706 5367 918 5431 Πανεάς
944 5370 1054 5421 ἐστι
1082 5367 1409 5437 καλουμένη.
1441 5367 1514 5420 Τὸ
1538 5365 1646 5436 γὰρ
1669 5365 1843 5425 Πανὸς

265 5462 327 5513 ὲν
356 5458 531 5531 ταύτῃ
562 5457 763 5531 βρέτας
799 5460 1147 5528 στησάμενοι,
1177 5460 1256 5521 είς
1284 5458 1443 5512 τοῦτο
1475 5458 1572 5529 τὴν
1616 5456 1714 5527 τῆς
1748 5455 1845 5507 πό-

262 5552 400 5614 λεως
421 5548 657 5621 ἔτρεψαν
679 5551 1070 5622 προσηγορίαν.
1090 5553 1176 5604 Ἐν
1196 5550 1366 5622 ταύτῃ
1387 5553 1454 5621 τῇ
1483 5548 1715 5602 Πανεάδι
1733 5548 1844 5603 τῶν

262 5639 362 5696 τοῦ
396 5641 662 5711 Ἰορδάνου
700 5640 893 5712 πηγῶν
923 5644 956 5712 ἡ
986 5641 1146 5712 ἑτέρα
1185 5643 1449 5705 τίκτεται,
1478 5641 1621 5694 δυοῖν
1646 5639 1843 5705 οὐσῶν,

263 5731 375 5787 Δὰν
406 5732 471 5785 ὲκ
497 5728 594 5785 τοῦ
624 5729 855 5803 παλαιοῦ
883 5731 1146 5801 ὀνόματος
1190 5731 1268 5784 ἔτι
1313 5731 1408 5783 καὶ
1449 5728 1545 5782 νῦν
1586 5727 1845 5800 ὀνομαζο-

267 5823 409 5897 μένη
434 5841 446 5853 ·
495 5823 593 5893 τὴν
641 5822 747 5892 γὰρ
779 5822 991 5893 ἑτέραν,
1023 5824 1143 5893 ἣτις
1176 5822 1279 5893 Ἰὺρ
1323 5821 1677 5887 ἐπικαλεῖται,
1718 5821 1847 5893 πάρ.

1939 4630 2006 4685 de
2034 4630 2176 4684 tribu
2220 4629 2330 4684 Dan
2368 4647 2381 4682 :
2417 4643 2528 4699 quo
2554 4637 2795 4700 tempore
2840 4643 3017 4700 eoque
3069 4629 3214 4683 haud
3264 4645 3431 4698 parvo
3460 4632 3512 4683 hi

3546 1040 3563 1100 ὁ

1938 4723 2039 4778 soli
2088 4721 2255 4776 totius
2296 4694 2471 4788 gentis
2497 4694 2763 4786 errantes,
2796 4694 3011 4775 tandem
3044 4720 3180 4774 locis
3213 4694 3320 4775 illis
3350 4734 3516 4774 occu-
3558 4694 3576 4793 ξ

1937 4814 2080 4883 patis
2113 4813 2205 4867 vix
2233 4820 2287 4868 et
2312 4827 2453 4883 aegre
2481 4812 2868 4872 consederunt,
2908 4811 3210 4880 urbemque
3241 4811 3307 4865 ad
3336 4818 3516 4865 extre-

1939 4919 2059 4961 mos
2107 4919 2297 4959 corum
2349 4903 2484 4958 ﬁnes
2539 4902 2893 4966 aediﬁcantes,
2932 4899 3223 4971 Phylarchi
3271 4901 3525 4972 ipsorum

1940 5010 2139 5051 nomen
2163 4993 2494 5048 indiderunt.
2514 4989 2720 5061 Hicque
2743 4989 2969 5045 ultimus
2991 4999 3109 5045 erat
3134 4989 3335 5046 Judaea:
3356 4988 3517 5046 Phin-

1940 5087 2139 5143 niciam
2169 5099 2360 5140 versus
2393 5084 2678 5139 terminus.
2703 5080 2856 5137 Hanc
2880 5098 3006 5137 cum
3027 5080 3271 5139 Herodes
3289 5082 3531 5153 Magnus

1943 5158 2339 5250 posterioribus
2387 5175 2724 5246 temporibus
2771 5174 3116 5243 aediﬁcasset,
3164 5181 3375 5230 mutato
3412 5189 3515 5231 no-

1942 5272 2086 5326 mine
2110 5270 2410 5325 Carsaream
2439 5267 2668 5336 Philippi
2699 5268 2910 5323 vocavit
2935 5286 2951 5334 ;
2977 5281 3123 5323 nunc
3146 5280 3276 5322 vero
3304 5265 3533 5325 Paucas-

1943 5372 2186 5419 vocatur.
2217 5362 2355 5416 Cum
2403 5360 2547 5414 enim
2598 5359 2763 5414 Panis
2794 5360 2851 5414 in
2885 5376 2949 5414 ea
2977 5358 3330 5415 simulacrum
3362 5360 3516 5430 posi-

1942 5464 2055 5507 tum
2085 5451 2298 5516 luisset,
2331 5464 2527 5503 nomen
2565 5448 2707 5504 istud
2757 5449 2886 5504 urbs
2930 5449 3019 5504 illa
3052 5448 3282 5519 accepit.
3314 5450 3374 5504 ln
3416 5450 3518 5506 hac

1940 5543 2190 5599 Pancadc
2211 5541 2344 5596 alter
2363 5555 2393 5594 e
2413 5539 2624 5593 duobus
2645 5537 2901 5595 Jordanis
2924 5540 3165 5599 fontibus
3186 5542 3362 5597 oritur
3384 5541 3518 5613 (duo

1942 5636 2087 5693 enim
2136 5633 2312 5689 fontes
2341 5630 2501 5703 sunt)
2526 5633 2618 5702 qui
2648 5631 2761 5686 Dan
2786 5634 3083 5688 etiamnum
3114 5648 3181 5690 ex
3214 5633 3389 5690 veteri
3418 5649 3518 5689 no-

1944 5729 2091 5785 mine
2122 5735 2387 5792 vocatur;
2442 5727 2671 5782 alterum
2717 5741 2845 5781 vero
2894 5726 2986 5796 qui
3038 5724 3133 5781 Jor
3176 5725 3517 5791 nominatur,

1947 5819 2137 5892 procul
2166 5820 2233 5874 ab
2266 5817 2357 5873 illo
2387 5818 2579 5875 stadiis
2605 5819 2819 5881 circiter
2852 5816 2975 5885 160,
3008 5817 3161 5880 collis
3198 5818 3420 5890 quidam
3448 5831 3515 5870 ex
