4026 6342
450 422 557 481 627

1551 424 2055 483 SUPPLEMENTA
2092 426 2716 485 PHILUSTORGIANA.

3630 428 3733 490 628

457 538 644 593 eodem
681 542 867 590 monte
891 533 1190 604 profundit.
1214 535 1291 592 Ex
1322 548 1553 609 utroque
1583 542 1778 595 borum
1808 541 2043 596 effundi-

2147 542 2319 612 ρωθεν
2344 544 2515 615 αὐτῆς
2541 543 2619 608 ὡς
2650 545 2758 598 ἀπὸ
2786 542 3015 597 σταδίων
3039 552 3118 615 ρξ’
3146 541 3379 607 κολωνός
3406 556 3490 604 τις
3513 541 3607 595 τοῦ
3641 542 3736 597 αὐ-

454 640 545 685 tur
572 628 768 682 ﬂuvius
790 626 880 681 hic
903 627 1123 696 quidem
1152 627 1390 695 Jorates,
1410 630 1551 686 sicut
1576 632 1667 686 ille
1696 632 1917 689 Dauites
1945 649 2042 686 vo-

454 726 631 775 catur.
665 715 770 783 Qui
796 732 893 787 per
926 726 1169 772 montem
1202 718 1389 784 delati,
1415 719 1505 775 ubi
1536 721 1590 775 in
1625 721 1784 790 plana
1814 723 2041 779 descent-

454 810 655 876 derint,
697 810 822 864 inde
859 809 973 879 jam
1024 809 1327 878 conﬂuunt,
1365 814 1773 883 maximumque
1816 814 2040 868 ﬂuvium

455 900 695 956 eﬂiciunt
726 898 1042 956 Jordanem.
1073 901 1177 968 Qui
1222 903 1417 957 exinde
1450 914 1504 958 et
1533 920 1706 974 aquas
1751 914 1806 959 et
1842 921 2040 961 nomen

456 994 745 1064 utriusque
769 994 821 1048 in
851 1010 1020 1048 unum
1051 995 1437 1059 commiscens,
1468 1012 1563 1066 per
1584 998 1762 1051 lacum
1796 996 2046 1052 Tiberia-

458 1083 544 1139 dis
580 1085 796 1149 transit,
826 1085 1061 1139 inedium
1089 1101 1214 1140 eum
1245 1101 1457 1149 secans,
1487 1102 1689 1157 perque
1713 1097 1885 1142 totum
1918 1104 2044 1143 eum

457 1175 682 1245 proprio
736 1175 890 1230 alveo
943 1175 1139 1239 ﬂuens,
1172 1176 1353 1246 quoad
1396 1193 1570 1247 usque
1619 1179 1686 1232 ad
1736 1180 2042 1249 oppositam

460 1267 828 1323 continentem
864 1269 1176 1339 perveniat;
1212 1269 1316 1323 sibi
1343 1269 1447 1336 ipsi
1469 1270 1697 1339 aequalis
1742 1286 1958 1340 semper
1984 1287 2050 1327 ac

461 1360 681 1415 similis.
715 1360 847 1417 Inde
872 1361 985 1432 jam
1040 1377 1135 1431 per
1186 1361 1532 1418 Palmstiuam
1568 1364 1777 1430 labens,
1818 1373 1963 1420 totus
1992 1365 2048 1419 in

462 1468 616 1507 mare
649 1457 791 1523 quod
820 1453 1092 1508 Mortuum
1122 1455 1319 1510 dicitur
1350 1455 1577 1524 illapsus
1600 1455 1993 1526 exstinguitur.

2138 638 2233 687 τοῦ
2288 636 2543 708 προῖησιν
2588 629 2878 707 ὄρουςῙΩν
2904 635 2965 701 ἐξ
2997 635 3269 706 ἑκατέρας
3304 632 3416 703 (12)
3455 636 3739 704 προχεῖται

2141 726 2406 797 ποταμὸς.
2441 729 2470 780 ὁ
2515 728 2612 798 μὲν
2655 727 2914 799 Ἰοράτης,
2957 730 2986 781 ό
3019 726 3076 780 δὲ
3109 725 3340 796 Δανίτης
3379 722 3742 796 ἐπικαλούμε-

2139 834 2258 882 νος’
2296 818 2344 871 οἳ
2377 816 2465 871 διὰ
2499 818 2595 871 τοῦ
2644 819 2805 891 ὅρους
2853 819 3167 891 ἐνεχθέντες
3213 818 3404 889 ἐπειδὴ
3435 817 3738 872 καταϐαῑεν

2141 912 2220 973 εἰς
2252 909 2314 962 τὸ
2349 909 2551 976 πεδίον,
2581 911 2813 966 ἐνταῦθα
2860 912 2960 984 ἤδη
3005 911 3267 979 ξυνίασιν,
3301 913 3398 966 καὶ
3441 908 3540 965 ἕνα
3580 909 3730 980 μέγι-

2141 1018 2266 1055 στον
2314 1002 2638 1057 ἀποτελοῦσι
2685 1004 2952 1075 ποταμὸν,
2981 1004 3074 1057 τὸν
3113 1002 3402 1076 Ἰορδάνην.
3422 1003 3510 1054 Ἐν
3535 998 3723 1071 ταυτῷ

2142 1094 2242 1167 ἤδη
2290 1096 2352 1150 τό
2398 1114 2458 1151 τε
2491 1097 2669 1170 ῥεῦμα
2705 1098 2800 1151 καὶ
2838 1097 2935 1168 τὴν
2971 1095 3347 1168 προσηγνρίαν
3375 1096 3726 1166 κιρνάμενος,

2142 1188 2243 1258 τὴν
2293 1182 2396 1260 τῆς
2443 1189 2764 1260 ’Τιϐεριάδος
2791 1188 3014 1253 διέξεισι
3055 1188 3273 1259 λίμνην,
3318 1187 3491 1259 μέσην
3522 1186 3740 1256 τέμνων

2144 1276 2335 1350 αὐτὴν,
2368 1279 2462 1332 καὶ
2493 1279 2561 1332 δι’
2586 1280 2715 1349 ὅλης
2742 1279 2916 1349 αὐτῆς
2951 1281 3009 1332 ἐν
3042 1277 3120 1349 τῷ
3147 1278 3333 1348 οἰκείῳ
3358 1276 3501 1347 ὁλκῷ
3543 1276 3741 1348 ῥεόμε-

2144 1384 2235 1433 νος
2263 1370 2375 1439 (15)
2431 1371 2624 1442 μέχρις
2670 1371 2734 1424 ἂν
2783 1372 2875 1423 ἐπὶ
2925 1370 3023 1441 τὴν
3073 1370 3363 1423 κατέναντι
3412 1368 3741 1439 ὲκπεράσειε

2146 1460 2272 1530 γῆν,
2307 1461 2420 1526 ἶσος
2444 1464 2605 1526 αὐτὸς
2632 1463 2812 1534 ἑαυτῴ
2837 1463 2930 1517 καὶ
2964 1462 3348 1534 παραπλήσιος
3371 1459 3445 1513 ὢν
3465 1478 3479 1491 ·
3508 1458 3737 1513 advrsu-

463 1545 556 1598 θεν
583 1546 685 1616 ἥδη
720 1546 809 1599 διὰ
835 1546 936 1617 τῆς
968 1547 1333 1618 Παλαιστίνης
1407 1547 1667 1617 ἐνεχθεὶς,
1705 1548 1850 1613 ἅπας
1921 1549 2001 1612 εἰς
2030 1551 2128 1624 τὴν
2168 1554 2392 1622 Νεκρὰν
2434 1555 2776 1627 καλουμένην
2838 1554 3106 1609 εἰσπεσὼν
3169 1553 3488 1624 ἀφανίζεται
3542 1550 3735 1605 θάλασο

463 1654 583 1691 σαν.

613 1776 684 1830 De
710 1775 1069 1848 Apollinario,
1105 1773 1324 1848 Basilio.
1354 1786 1408 1829 et
1432 1774 1696 1848 Gregorio
1719 1776 2097 1848 Nazianzeno._
2117 1775 2257 1848 quod
2284 1776 2568 1848 ipsipinds
2613 1773 2956 1848 Pltifostorgii
2983 1774 3152 1828 verbis
3182 1777 3421 1830 recitatis
3445 1776 3600 1831 habet

1168 1845 1369 1899 Suidas
1396 1846 1564 1900 tribus
1590 1846 1741 1911 locis,
1774 1848 1827 1901 iu
1854 1864 1901 1901 υ.
1921 1849 2047 1901 Ἀπο

2147 1846 2347 1917 νάριος,
2378 1846 2679 1910 Βασίλειος,
2710 1846 3031 1917 Γρηγὸριος.

532 1989 900 2060 Apollinarius
930 1987 1098 2041 euim-
1122 1985 1228 2039 illis
1256 1984 1596 2054 temporibus
1629 1984 1814 2039 ﬂoruit
1842 1984 2042 2040 Laodi-
2074 1994 2121 2051 Β

462 2097 573 2137 ceae
622 2080 811 2152 Syriae,
854 2087 909 2133 et
963 2076 1199 2132 Basilius
1248 2075 1511 2131 Cmsareae
1559 2075 1938 2145 Cappadocia),
1992 2085 2047 2130 et

462 2171 759 2243 Gregorius
788 2168 1049 2223 Nazianti
1088 2186 1100 2221 :
1139 2177 1221 2222 est
1244 2183 1372 2222 vero
1405 2166 1558 2222 locus
1591 2166 1681 2221 hic
1710 2167 1874 2220 statio
1894 2167 2047 2236 ejus-

463 2265 584 2318 dem
611 2259 987 2331 Cappadociae.
1022 2258 1158 2315 Tres
1192 2274 1319 2313 vero
1349 2257 1451 2312 viri
1490 2258 1579 2313 isti
1621 2267 1749 2313 tunc
1780 2257 2047 2312 bomoou-

464 2357 585 2412 sion
635 2353 1076 2427 propugnabant,
1108 2352 1372 2407 adversus
1417 2350 1831 2415 betetoousion,
1885 2350 2047 2421 longe

465 2455 787 2518 superantes
843 2461 1035 2501 omnes
1067 2444 1160 2515 qui
1206 2444 1377 2513 prius,
1438 2443 1644 2513 quique
1688 2442 1942 2512 deinceps
1977 2442 2045 2495 ad

464 2554 640 2595 meam
676 2547 890 2594 aetatem
942 2550 1115 2607 usque
1162 2535 1239 2589 illi
1273 2533 1464 2589 lneresi
1496 2532 1865 2604 praefuerunt;
1909 2534 2045 2588 adeo

463 2640 525 2684 ut
549 2646 659 2700 pra:
683 2628 750 2684 iis
774 2627 1105 2683 Athanasius
1132 2642 1266 2695 puer
1310 2625 1650 2696 judicaretur
1686 2641 1699 2678 :
1739 2641 1864 2680 nam
1905 2635 1959 2681 ct
1991 2627 2045 2681 in

463 2738 530 2777 eo
563 2722 827 2777 doctrinm
855 2735 1052 2792 genere
1081 2718 1225 2790 quod
1256 2728 1542 2774 externum
1580 2719 1698 2787 (seu
1730 2717 2044 2789 profanum)

462 2814 683 2881 dicitur,
737 2814 1032 2884 plurimum
1096 2812 1151 2866 lii
1202 2811 1543 2881 profecerant
1593 2828 1607 2864 :
1658 2821 1710 2865 et
1761 2826 2044 2865 sacrarum

464 2908 896 2977 Scripturarum,
935 2920 1279 2976 quaecunque
1311 2905 1380 2959 ad
1436 2905 1724 2959 lectionem
1767 2915 1821 2959 et
1859 2917 2039 2974 prom-

461 3008 612 3069 ptam
647 2999 966 3054 memoriam
990 2995 1363 3056 conferebant.
1384 3010 1637 3065 magnam
1668 2995 1916 3048 notitiam
1948 2994 2046 3049 Ita-

460 3088 684 3150 bebant,
714 3098 767 3143 et
789 3088 930 3141 inter
959 3102 1056 3141 eos
1091 3087 1328 3140 maxime
1349 3085 1720 3154 Apollinarius
1746 3103 1758 3139 :
1789 3084 1878 3141 bic
1900 3085 2044 3140 enim

462 3179 785 3236 Hebraicatn
816 3179 979 3234 etiam
1015 3178 1258 3248 linguam
1289 3177 1589 3247 intelligere
1631 3185 1864 3247 poterat.
1900 3177 2045 3245 Quin

461 3287 517 3330 et
547 3273 925 3345 unusquisque
969 3287 1156 3326 eorum
1191 3272 1247 3325 itt
1280 3285 1381 3326 suo
1416 3271 1615 3342 singuli
1647 3286 1845 3341 genere
1873 3272 2045 3340 pluri-

464 3381 614 3420 mum
649 3339 791 3436 stilo
818 3339 1071 3419 {alebant
1116 3381 1129 3417 :
1175 3339 1544 3433 Apollinarius
1591 3339 1800 3419 scilicet
1828 3339 2041 3420 dicendi
2072 3339 2114 3397 C

370 3500 377 3511 .
462 3471 662 3528 genere
717 3456 865 3527 quod
924 3454 1482 3511 commentationibus
1535 3464 1620 3511 est
1674 3455 2044 3527 aptissimum,

464 3546 626 3618 longe
652 3546 979 3617 praestabat;
1008 3546 1243 3603 Basilius
1264 3562 1391 3602 vero
1417 3547 1471 3602 in
1499 3563 1697 3619 genere
1718 3548 2048 3620 panegyrico

463 3638 942 3710 splendidissimus
963 3647 1100 3695 erat.
1120 3638 1187 3694 At
1209 3638 1459 3711 Gregorii
1487 3655 1611 3695 cum
1638 3650 1872 3711 utroque
1895 3656 2048 3696 eom-

464 3729 639 3799 parati
666 3729 864 3796 oratio,
890 3728 1267 3785 sublimiorem
1318 3730 1370 3784 in
1414 3730 1714 3802 scriptione
1740 3730 1920 3787 locum
1953 3731 2051 3787 ob.

464 3821 646 3876 tinuit.
672 3822 886 3877 Etenim
919 3821 1260 3894 Apollinario
1304 3833 1421 3879 erat
1463 3823 1683 3880 uberior
1709 3824 1763 3879 in
1795 3824 2046 3889 dicendo,

464 3916 663 3971 Basilio
695 3932 825 3975 vero
852 3919 1087 3989 gravior.
1112 3916 1249 3974 Cum
1280 3928 1460 3975 autem
1513 3920 1604 3976 isti
1654 3928 1803 3974 tanta
1832 3919 2050 3976 dicendi

462 4017 517 4062 et
554 4008 825 4065 scribendi
850 4019 905 4065 et
939 4009 1197 4068 facultate
1227 4012 1438 4083 praediti
1473 4023 1677 4075 essent,
1710 4027 1822 4066 non
1864 4013 2048 4070 minus

463 4097 626 4153 etiam
660 4114 839 4155 mores
863 4115 975 4171 prie
1003 4116 1063 4156 se
1093 4102 1335 4157 tulerunt
1363 4102 1429 4156 ad
1459 4101 1805 4163 alliciendam
1849 4103 1916 4158 ad
1960 4104 2046 4159 sui

463 4192 832 4261 spectaculum
886 4192 1287 4247 multitudinem
1331 4202 1485 4264 aptos
1525 4210 1539 4247 :
1577 4194 1715 4249 adeo
1766 4205 1822 4249 ut
1873 4210 1969 4250 eos
2014 4212 2045 4251 a

464 4284 663 4353 quibus
710 4284 1182 4352 conspicerentur,
1209 4296 1263 4340 et
1310 4287 1453 4356 apud
1485 4303 1627 4358 quos
1678 4289 1842 4343 verba
1899 4287 2045 4344 face-

465 4383 606 4436 rent,
633 4382 688 4426 et
720 4388 1061 4443 quaecunque
1094 4377 1295 4446 scripta
1320 4378 1562 4443 ederent,
1593 4379 1819 4436 omnino
1846 4390 2050 4451 pertra-

467 4466 656 4518 herent
678 4462 733 4516 in
760 4463 845 4517 sui
881 4466 1349 4531 communionem,
1376 4477 1650 4539 quotquot
1693 4473 1886 4542 quavis
1915 4472 2047 4528 ista-

466 4570 586 4609 rum
621 4554 895 4608 rationum
928 4553 1087 4610 facile
1114 4559 1233 4625 capi
1265 4567 1538 4627 poterant.

2233 1983 2643 2057 Ἀπολλινὰριος
2670 1983 2780 2055 γὰρ
2814 1982 3030 2055 ἤκμαζε
3061 1984 3181 2036 κατ’
3198 1983 3441 2048 ἐκείνους
3472 1985 3599 2049 τοὺς
3621 1987 3728 2058 χρό

2150 2093 2276 2140 von;
2310 2079 2370 2129 ὲν
2399 2079 2464 2148 τῇ
2494 2077 2784 2149 Λαοδικείᾳ
2831 2078 2930 2147 τῆς
2971 2077 3194 2148 Συρίας,
3233 2076 3329 2130 καὶ
3366 2077 3647 2142 Βασίλειος
3684 2081 3743 2134 ὲν

2148 2169 2459 2241 Καισαρείᾳ
2499 2170 2601 2241 τῆς
2634 2170 3055 2233 Καππαδοκίας,
3102 2172 3195 2224 καὶ
3241 2171 3542 2244 Γρηγόριος
3583 2173 3641 2226 ἐν
3672 2175 3742 2245 τῇ

2148 2260 2471 2334 Ναζιανζῷ·
2514 2261 2752 2334 σταθμὸς
2786 2262 2843 2316 δὲ
2877 2256 3033 2328 οὗτος
3068 2264 3096 2317 ὁ
3140 2263 3305 2327 τόπος
3338 2263 3457 2316 ἐστὶ
3501 2265 3601 2335 τῆς
3643 2265 3744 2316 exb-

2146 2356 2246 2427 τῆς
2277 2355 2697 2419 Καππαδοκίας.
2730 2357 2890 2428 Τρεῖς
2944 2356 3001 2410 δὲ
3048 2349 3195 2410 οὗτοι
3239 2356 3431 2428 ἄνδρες
3477 2357 3601 2409 τότε
3645 2356 3745 2410 τοῦ

2146 2446 2433 2519 ὀμοουσίου
2469 2448 2823 2518 προύμάχουν
2854 2446 2996 2500 κατὰ
3026 2447 3120 2500 τοῦ
3155 2447 3516 2518 έτεροουσίου,
3546 2447 3746 2519 μακρῷ

2149 2539 2358 2603 πάντας
2414 2540 2848 2611 παρενεγκόντες
2890 2541 3016 2603 τοὺς
3063 2539 3329 2612 πρότερον
3371 2540 3465 2593 καὶ
3513 2538 3747 2610 ὕστερον

2147 2632 2308 2702 ἄχρις
2333 2630 2465 2702 ἐμοῦ
2490 2631 2588 2702 τῆς
2616 2631 2883 2703 αἱρέσεως
2916 2633 3257 2704 προστάντας
3279 2651 3293 2663 ’
3320 2632 3395 2696 ὡς
3421 2634 3587 2687 παῖδα
3610 2634 3744 2705 παρ’

2147 2726 2332 2789 αὐτοῖς
2376 2723 2629 2797 κριθῆναι
2677 2726 2769 2779 τὸν
2809 2724 3144 2780 Ἀθανάσιον.
3178 2727 3289 2798 Τῆς
3316 2744 3375 2780 τε
3401 2725 3509 2798 γὰρ
3544 2728 3747 2794 ἔξωθεν

2148 2816 2489 2888 καλουμένης
2520 2817 2852 2881 παιδεύσεως
2874 2819 2965 2871 ἐπὶ
2992 2817 3241 2871 πλεῖστον
3265 2812 3409 2872 οὗτοι
3441 2819 3749 2891 προεληλύ-

2149 2906 2355 2972 θεισαν,
2388 2910 2485 2961 καὶ
2511 2907 2619 2961 τῶν
2652 2909 2814 2981 ἱερῶν
2843 2909 3077 2981 Γραφῶν
3108 2910 3282 2963 ὁπόσα
3322 2912 3402 2975 είς
3432 2911 3748 2978 ἀνάγνωσιν

2148 2999 2242 3053 καὶ
2273 3001 2373 3071 τὴν
2403 3001 2692 3072 πρόχειρον
2741 3002 2962 3073 μνήμην
3009 3004 3200 3068 ἐτέλει,
3229 3002 3430 3073 πολλὴν
3472 2999 3617 3073 εἶχον
3644 3002 3747 3073 τὴν

2147 3092 2440 3164 ἐμπειρίαν
2462 3111 2475 3125 ο
2507 3092 2601 3146 καὶ
2639 3093 2877 3164 μάλιστα
2912 3112 2976 3163 γε
3004 3094 3185 3149 αὐτῶν
3227 3096 3256 3148 ὁ
3294 3094 3703 3166 Ἀπολλινάριος
3727 3110 3743 3126 ο

2147 3179 2302 3251 οὗτος
2333 3187 2443 3258 γὰρ
2477 3186 2541 3259 δὴ
2594 3188 2690 3241 mi.
2734 3188 2837 3257 τῆς
2873 3187 3153 3261 Ἐϐραῖδος
3198 3187 3478 3241 διαλέκτου
3529 3187 3748 3242 ἐπαΐειν

2147 3274 2261 3342 οἶός
2284 3295 2343 3331 τε
2371 3274 2461 3349 ἦν.
2493 3279 2603 3333 Καὶ
2634 3279 2743 3350 μὴν
2790 3279 2884 3332 καὶ
2919 3278 3254 3350 συγγράφειν
3286 3279 3518 3341 ἕκαστος
3558 3278 3618 3340 ἐς
3649 3276 3746 3329 τὸν

2147 3368 2313 3421 αὑτοῦ
2343 3369 2547 3440 τρόπον
2574 3366 2642 3442 ἦν
2672 3369 3033 3433 ἱκανώτατον
3062 3368 3140 3440 τῷ
3182 3369 3281 3440 μέν
3312 3385 3377 3438 γε
3422 3368 3745 3422 Ἀπολλινα-

2148 3461 2249 3533 ρίῳ
2276 3460 2338 3514 τὸ
2367 3461 2823 3533 ὑπομνηματικὺν
2851 3459 2991 3527 εἶδος
3014 3462 3114 3534 τῆς
3142 3461 3362 3528 λέξεως,
3392 3461 3590 3532 μακρῴ
3615 3461 3747 3533 ἄρι-

2148 3548 2421 3625 στα”εἷχε’
2456 3554 2735 3620 Βασίλειος
2762 3555 2819 3608 δὲ
2847 3555 3220 3627 πανηγυρίσαι
3240 3554 3625 3625 λαμπρότατος
3647 3549 3744 3625 ἦν.

2146 3644 2250 3716 Τῷ
2270 3645 2330 3700 δέ
2362 3664 2428 3717 γε
2458 3648 2765 3720 Γρηγορίῳ,
2795 3648 2890 3700 καὶ
2939 3648 3069 3719 παρ’
3098 3648 3432 3719 ἀμφοτέροις
3481 3646 3745 3712 ἐξεταζο-

2150 3740 2317 3813 μένῳ,
2341 3740 2511 3812 μείζω
2543 3741 2702 3813 βάσιν
2734 3743 2815 3805 εἰς
2849 3742 3174 3814 συγγραφὴν
3208 3736 3351 3811 εἶχεν
3375 3742 3404 3795 ὁ
3431 3739 3609 3809 λόγος.
3631 3741 3748 3794 Καὶ

2147 3829 2216 3906 ἦν
2250 3837 2425 3888 εἰπεῖν
2464 3832 2871 3906 Ἀπολλιναρίου
2903 3833 3001 3905 μὲν
3037 3833 3345 3905 ἁδρότερος,
3375 3832 3656 3887 Βασιλείου
3684 3830 3746 3886 δὲ

2150 3926 2577 3999 παθεριῦτερος.
2611 3927 2654 3979 Τ
2656 3925 2892 3998 οσαύτης
2935 3927 2992 3981 δὲ
3021 3928 3203 3990 αὐτοῖς
3236 3929 3294 3980 ἐν
3323 3925 3401 3997 τῷ
3427 3924 3607 3993 λέγειν
3643 3926 3746 3978 καὶ

2146 4019 2380 4091 γράφειν
2418 4018 2705 4090 δυνάμεως
2729 4018 2918 4090 οὔσης,
2955 4019 3048 4073 καὶ
3082 4019 3142 4073 τὸ
3169 4014 3301 4091 ἦθος
3329 4018 3479 4072 οὐδὲν
3508 4013 3745 4091 ἧττονοὶ

2145 4112 2339 4185 ἄνδρες
2370 4115 2691 4185 παρείχοντο
2712 4113 2848 4186 πρὸς
2867 4113 2966 4186 τὴν
2989 4113 3097 4168 τῶν
3125 4111 3335 4167 πολλῶν
3360 4111 3486 4166 Θέαν
3520 4114 3745 4180 ἐπαγω-

2144 4207 2374 4277 γότατον
2394 4223 2408 4238 ο
2457 4206 2599 4261 ὥστε
2648 4206 2743 4260 καὶ
2788 4201 2869 4271 οἷς
2889 4205 3131 4279 ὡρῶντο,
3164 4206 3258 4261 καὶ
3287 4200 3369 4268 οἷς
3399 4205 3605 4273 ἔλεγον,
3640 4205 3742 4257 καὶ

2145 4299 2322 4354 ὁπόσα
2366 4300 2669 4370 γράφοντες
2712 4297 3025 4365 διεδίδοσαν,
3067 4298 3156 4353 διὰ
3194 4298 3411 4352 πάντων
3457 4297 3624 4368 ᾕρουν
3656 4297 3740 4360 εἰς

2146 4393 2245 4464 τὴν
2280 4393 2488 4445 ἑαυτῶν
2518 4392 2803 4446 κοινωνίαν
2839 4392 2965 4456 τοὺς
3007 4391 3129 4447 καθ’
3157 4392 3333 4446 ὁτιοῦν
3367 4385 3547 4446 αὐτῶν
3576 4390 3730 4461 εὐχε-

2150 4483 2404 4555 ρέστερον
2435 4483 2754 4538 ἁλίσκεσθαι
2788 4483 3136 4554 δυναμένους.

1712 4765 1948 4810 VALESII
1974 4770 2012 4811 Α
2020 4767 2102 4813 NN
2110 4768 2470 4813 OTATIONES.

534 4934 647 5009 (l2)
684 4927 798 5009 ΪΩῩ
823 4934 893 5009 ἐξ
924 4935 1229 5009 ἑκατέρας.
1270 4933 2047 5009 PessinteltunelocumJoan-

2152 4939 2279 4994 dum
2311 4939 2400 5009 bic
2431 4954 2554 4994 esse
2583 4952 2777 5009 nomen
2812 4939 3023 5009 πηγῶν.

465 5004 553 5059 uls
572 5004 896 5079 Antioclteni
925 5014 1158 5079 yerterat
1182 5004 1419 5079 Iacobus
1451 5007 1820 5079 Getltofredus
1845 5024 1859 5061 :
1889 5008 2046 5079 cujus

466 5091 566 5130 nos
590 5076 900 5131 versionem
929 5075 1033 5130 hoc
1061 5076 1181 5131 loco
1201 5078 1635 5133 cmendavimus.
1666 5078 1759 5134 Sic
1788 5079 1932 5132 enim
1956 5075 2046 5133 in-

464 5155 794 5215 terpretatus
822 5154 907 5218 est
938 5164 951 5200 :
986 5144 1035 5198 E
1062 5162 1164 5217 quo
1189 5149 1436 5218 utrinque
1475 5149 1765 5217 effunditur
1807 5148 2043 5217 ﬂuvius;

466 5230 595 5287 cum
635 5216 951 5269 vertendum
997 5226 1161 5287 esset.
1198 5234 1263 5271 ea:
1305 5216 1527 5287 utroque
1573 5221 1759 5272 horum
1810 5216 2044 5286 fontium

466 5285 681 5353 pro/luit
702 5287 874 5338 amnis
902 5300 921 5339 .°
948 5287 1085 5340 alter
1127 5285 1362 5351 Jorates,
1391 5285 1527 5341 alter
1576 5287 1794 5344 Dattitet
1843 5290 2037 5344 dictus.

468 5351 584 5407 Non
630 5355 1008 5411 animadvertit
1059 5359 1265 5414 scilicet
1290 5356 1659 5415 Gothofredus
1711 5359 2044 5417 subaudien-

2224 5007 2338 5082 (l5)
2369 5007 3120 5079 Ἐντῷ...ὄρκῳρέόμενος.
3142 5008 3526 5082 Uniuslitterte
3553 5021 3737 5082 muta-

2149 5080 2505 5151 tioneilocutn
2540 5086 2686 5136 hunc
2726 5084 2916 5137 sanavi
2954 5085 3054 5136 hoc
3084 5082 3247 5136 modo
3277 5099 3291 5136 :
3319 5081 3397 5151 τῷ
3428 5082 3614 5151 οἰκείῳ
3644 5081 3738 5134 όλ-

2148 5153 2249 5220 κῷ.
2283 5150 2728 5205 Emendationem
2782 5161 3024 5206 nostram
3071 5149 3398 5207 continuant
3444 5149 3644 5205 Suidas
3672 5157 3734 5206 et

2149 5219 2472 5291 llesyebius.
2502 5221 2593 5290 qui
2629 5220 2786 5275 όλκόν
2819 5223 2955 5276 viam
2993 5235 3044 5276 et
3090 5234 3319 5276 tractum
3350 5237 3446 5275 seu
3477 5221 3734 5291 impetum

2148 5290 2386 5364 ﬂumini!
2431 5290 2738 5364 signiﬁcare
2766 5293 3033 5351 scribunt.
3063 5292 3320 5350 Facessat
3344 5291 3506 5364 igitur
3537 5290 3734 5360 conje-

2149 5369 2306 5415 ctura
2340 5359 2675 5417 GotbOfredi.
