4026 6342
459 329 554 390 εει

1851 329 2336 389 Ρηιιοετοῐιοιι
3602 327 3714 388 6‘52

459 451 630 505 Porro
673 447 790 516 ejus
841 441 1118 500 confessio
1167 444 1482 515 hujusmodi
1524 445 1644 501 fuit.
1707 447 1764 501 In
1795 445 2031 516 quodam

2156 446 2306 500 οὖσι.
2345 447 2417 500 Τὸ
2465 448 2520 500 δέ
2551 448 2648 518 τῆς
2687 445 2976 516 ὁμολογίας
3023 443 3226 498 τοιόνδε
3270 443 3494 511 γέγονεν
3535 436 3713 508 alae;-

449 541 591 597 atrio
622 536 922 606 lmperialis
962 535 1146 604 palatii
1191 545 1310 590 eral.
1349 535 1494 603 fons,
1537 547 1590 592 et
1620 553 1786 607 supra
1826 537 2034 592 fontem

451 624 652 683 Bacchi
696 632 901 690 statua,
941 633 996 678 et
1027 639 1223 695 magna
1273 625 1706 696 circumquaque
1741 625 1867 680 vitis
1915 641 2038 696 qua:

453 721 770 792 universum
812 715 967 770 illum
1013 717 1193 770 locum
1235 725 1440 772 tectum
1469 726 1634 787 atque
1667 732 1897 786 Opacum
1925 717 2038 771 elll-

451 813 652 869 eiebat.
713 809 792 866 Eo
843 824 968 864 cum
1025 807 1270 864 Licinius
1321 809 1586 864 avocandi
1639 810 1808 864 animi
1873 825 2036 864 causa

450 903 716 967 venisset,
749 909 861 955 tum
913 899 1184 953 Auxentio
1225 901 1364 968 ipso,
1397 907 1512 954 tum
1545 900 1667 955 aliis
1699 901 1948 969 pluribus
1969 915 2034 954 ex

451 991 573 1061 ejus
614 991 821 1061 palatio
867 989 1046 1059 ipsum
1101 989 1482 1056 sectantibus;
1533 989 1584 1042 in
1634 990 1800 1043 vilem
1844 989 2038 1044 oculos

453 1080 790 1150 conjiciens,
851 1092 1012 1132 uvam
1076 1076 1368 1145 quamdam
1423 1077 1707 1146 conspexit
1763 1075 2038 1130 inusitatae

455 1171 848 1243 magnitudinis
887 1185 952 1224 ac
996 1168 1332 1235 venustatis,
1381 1182 1448 1223 ex
1488 1169 1802 1238 palmitibus
1836 1167 2038 1237 depen-

454 1265 692 1320 dentem.
729 1261 877 1316 Hanc
909 1260 1182 1314 Auxentio
1225 1259 1390 1330 jussit
1435 1269 1494 1314 ut
1537 1259 1900 1314 abscinderet.
1947 1255 2038 1314 Ille

456 1356 641 1413 statim
691 1361 908 1422 arrepto
949 1351 1126 1404 cultro
1173 1366 1332 1420 quem
1367 1349 1716 1405 feminalibus
1738 1363 2036 1419 appensum

457 1448 722 1521 gestabat,
748 1461 908 1500 uvam
935 1444 1181 1500 exsecuit
1203 1442 1337 1496 nihil
1361 1443 1690 1514 suspicatus.
1719 1443 1874 1497 Tunc
1900 1441 2038 1496 Lici-

458 1539 585 1593 nius
619 1539 683 1592 ad
707 1551 830 1590 eum
871 1549 1174 1590 conversus
1217 1549 1230 1584 :
1269 1532 1435 1598 Pone,
1480 1533 1678 1602 inquit,
1710 1532 1848 1586 hanc
1877 1547 2036 1586 uvam

458 1631 528 1684 ad
565 1629 726 1699 pedes
750 1627 972 1682 Bacchi.
1012 1627 1090 1680 Ad
1124 1626 1237 1680 haec
1267 1625 1573 1680 Auxentius
1605 1640 1618 1676 :
1660 1622 2036 1694 Nequaquam,

458 1737 494 1776 o
540 1722 874 1790 imperator,
925 1717 1244 1786 respondit;
1303 1716 1648 1772 Christianus
1693 1716 1837 1770 enim
1891 1730 2037 1768 sum.

2137 529 2246 585 Ἦν
2267 533 2324 585 ἕν
2352 552 2456 587 τινι
2485 535 2585 603 τῆς
2617 533 2896 605 βασιλικῆς
2924 533 3106 597 ἑστίας
3133 532 3268 602 αὐλῇ
3299 532 3473 604 κρήνη
3504 547 3563 584 τε
3587 530 3712 586 ὕδα-

2136 643 2246 691 τος,
2287 628 2379 678 καὶ
2427 625 2514 680 ἐπ’
2565 626 2700 697 αὐτῇ
2749 625 3004 680 Διονύσου
3046 623 3286 694 ἄγαλμα,
3316 623 3412 677 καὶ
3473 623 3716 693 ἄμπελος

2143 718 2350 790 μεγάλη
2383 717 2762 790 περικειμένη,
2797 717 2892 772 καὶ
2933 715 3150 788 σκιερὸν
3178 715 3437 778 ἐπιεικῶς
3473 716 3568 769 καὶ
3594 730 3714 769 συν-

2137 811 2316 882 ηρεφῆ
2338 809 2431 864 τὸν
2454 807 2668 863 ἅπαντα
2697 809 2858 862 τόπον
2886 807 3249 880 ἐργαζομένη.
3277 804 3540 860 Ἐνταῦθα
3565 808 3594 860 ὁ
3615 807 3718 860 Λι-

2139 901 2308 963 κίνιος
2347 900 2486 952 κατὰ
2519 899 2790 970 πρόφασιν
2825 899 3128 969 ἀπαγωγῆς
3153 894 3504 968 ἀφικόμενος,
3531 896 3624 950 τοῦ
3652 913 3718 950 τε

2137 991 2426 1057 Αὐξεντίου
2461 991 2611 1062 αὐτῷ
2644 991 2737 1045 καὶ
2764 990 2938 1045 ἄλλων
2965 988 3176 1042 πολλῶν
3202 989 3267 1041 ἐκ
3299 989 3398 1058 τῆς
3419 987 3719 1060 θεραπείας

2140 1081 2559 1154 παρεπομένων,
2591 1083 2668 1144 εἰς
2703 1082 2802 1151 τὴν
2831 1079 3072 1150 ἄμπελον
3102 1077 3317 1144 ἀνιδὼν,
3344 1079 3603 1133 ἐθεάσατο
3627 1080 3721 1148 βό-

2139 1189 2273 1244 τρυν
2305 1169 2504 1243 ὡραῖόν
2535 1187 2654 1224 τινα
2690 1170 2783 1224 καὶ
2816 1170 3010 1241 μέγαν,
3041 1168 3148 1222 τῶν
3179 1168 3472 1239 κλημάτων
3505 1171 3722 1223 ἀπαιω-

2145 1260 2420 1333 ρούμενοι).
2459 1261 2658 1314 Τοῦτον
2691 1261 2992 1332 προσέταξε
3020 1258 3096 1329 τῷ
3119 1258 3388 1329 Λὺξεντίῳ
3411 1260 3616 1328 τεμεῖν,
3657 1258 3720 1311 Ὀ

2139 1353 2195 1406 δὲ
2227 1353 2446 1412 αὐτίκα,
2479 1353 2536 1406 τὸ
2573 1351 3020 1424 προσηρτημένον
3055 1355 3171 1415 ταῖς
3207 1349 3519 1420 ἀναξυρίσιν
3550 1351 3721 1404 αὑτοῦ

2145 1445 2432 1515 μαχαίριον
2465 1442 2816 1516 ἀφελόμενος,
2847 1442 3008 1514 ἔτεμε
3045 1442 3210 1514 μηδὲν
3254 1433 3622 1510 ὑπειδόμενος.
3659 1441 3723 1494 ’0

2142 1533 2232 1590 οὖν
2264 1537 2501 1600 Λικίνιος
2525 1536 2659 1608 πρὸς
2684 1535 2877 1598 αὐτὸν,
2907 1533 3009 1597 Θές
3032 1533 3208 1585 τοίνυν
3236 1531 3325 1586 τὸν
3355 1529 3564 1601 βότρυν,
3591 1529 3721 1601 ἔφη,

2144 1628 2280 1700 πρὸς
2311 1632 2423 1693 τοῖς
2449 1628 2542 1682 τοῦ
2574 1627 2828 1682 Διονύσου
2859 1625 3033 1679 ποσίν.
3073 1623 3134 1679 Ὀ
3161 1623 3237 1684 δέ,
3265 1624 3378 1694 Μὴ,
3403 1617 3448 1676 ὦ
3477 1621 3722 1692 βασιλεῦ,

2144 1720 2476 1790 ἁπεκρίνατο
2495 1734 2509 1749 ·
2541 1717 2866 1790 Χριστιανὸς
2887 1717 2995 1787 γάρ
3017 1717 3154 1785 εἰμι.
3180 1715 3444 1777 Κάκεῖνος
3467 1730 3480 1743 ·
3514 1711 3726 1764 Οὐκοῦν

458 1811 578 1879 Quo
616 1811 823 1876 audito,
853 1807 1096 1863 Licinius
1129 1807 1304 1861 dixit:
1339 1807 1441 1861 Abi
1469 1808 1634 1879 igitur
1657 1807 1872 1862 solutus
1901 1805 2043 1860 mili-

2156 1809 2388 1864 ἐκποδὼν
2463 1811 2659 1882 οἰχήσῃ
2708 1809 2810 1880 τῆς
2878 1807 3166 1880 στρατείας
3228 1805 3723 1874 ἀποπαυσάμενος·

461 1903 535 1955 t-ia
559 1918 573 1967 ;
598 1901 836 1954 duorum
869 1897 1014 1952 enim
1061 1897 1294 1952 alterum
1325 1895 1422 1950 abs
1455 1905 1506 1950 te
1540 1895 1656 1949 ﬂeri
1686 1909 1911 1948 necesse
1936 1904 2038 1950 est.

461 1986 603 2043 Tum
635 2002 765 2042 vero
793 1986 1099 2041 Auxentius
1130 1985 1266 2038 nihil
1296 1992 1583 2040 cunctatus
1621 1985 1858 2039 balteum
1877 1983 2042 2053 depo-

462 2085 594 2148 suit,
638 2089 801 2150 atque
842 2088 902 2133 ut
933 2087 1051 2132 erat
1091 2077 1412 2137 discinctus,
1458 2073 1647 2129 libenti
1678 2074 1863 2129 animo
1887 2089 1916 2128 e
1946 2089 2042 2142 pa-

464 2174 593 2230 latio
627 2171 881 2228 excessit.
905 2169 1016 2224 Nec
1046 2169 1215 2222 multo
1232 2175 1355 2238 post
1377 2166 1616 2236 episc0pi
1635 2180 1759 2222 eum
1793 2165 2044 2234 Mopsuc-

465 2266 582 2320 stia-
613 2263 910 2319 antistitem
938 2261 1286 2318 ordinarunt.
1320 2258 1495 2329 Hujus
1517 2257 1684 2312 frater
1709 2265 1836 2312 natu
1869 2256 2045 2311 minor

463 2357 569 2411 fuit
613 2352 958 2418 Theodorus,
1003 2353 1088 2407 vir
1131 2353 1224 2422 qui
1257 2351 1485 2406 Athenis
1520 2351 1850 2405 rhetoricam
1907 2349 2046 2403 didi»

465 2456 632 2504 cerat.
676 2445 779 2512 Qui
813 2443 1031 2514 quidem
1061 2452 1116 2498 et
1155 2444 1269 2512 ipse
1291 2451 1484 2512 postea
1518 2441 1888 2512 episcopatum
1914 2437 2046 2494 Tar-

467 2554 680 2594 sensem
713 2537 937 2592 sortitus
969 2543 1070 2590 est.
1108 2533 1321 2590 Etenim
1364 2533 1553 2588 Actius
1581 2549 1706 2588 cum
1741 2543 1900 2588 antea
1934 2533 2048 2602 ipse

467 2647 564 2701 per
602 2646 680 2695 se,
727 2638 781 2684 et
827 2627 1155 2682 Eunomium
1200 2628 1378 2698 ipsum
1421 2634 1478 2681 et
1503 2625 1642 2682 alios
1689 2627 1781 2694 qui
1823 2626 2048 2696 majoris

469 2720 651 2776 meriti
677 2731 856 2786 erant,
887 2721 1080 2774 docere
1103 2719 1299 2775 solitus
1337 2728 1500 2784 esset,
1540 2727 1827 2789 postquam
1863 2719 2050 2774 Euno-

469 2813 639 2865 mium
684 2811 749 2866 ad
785 2811 1010 2866 docendi
1053 2826 1255 2865 munus
1300 2811 1593 2880 promovit,
1632 2826 1756 2865 eum
1793 2811 2050 2879 deinceps

471 2902 791 2972 magistrum
837 2917 934 2971 pro
987 2916 1046 2956 se
1093 2917 1157 2956 ac
1199 2901 1474 2956 doctorem
1526 2917 1648 2955 esse
1695 2900 1886 2967 voluit,
1937 2910 2049 2954 tum

473 2993 848 3056 aliorum,tum
867 3008 1056 3048 eorum
1075 2992 1343 3063 praecipue
1355 2992 1447 3061 qui
1469 2989 1791 3060 perfectiore
1805 2991 2052 3046 doctrina

473 3093 528 3137 et
588 3084 928 3138 institutione
981 3083 1328 3152 indigebant;
1379 3098 1503 3137 nam
1554 3082 1668 3151 ipse
1715 3081 1937 3151 quidem
1984 3083 2050 3136 ad

474 3173 742 3244 principia
767 3185 929 3244 atque
951 3174 1218 3228 elementa
1253 3174 1376 3230 aliis
1417 3172 1678 3228 tradenda
1715 3173 2052 3243 praestantis-

477 3263 652 3319 simus
683 3275 813 3319 erat.
857 3264 1158 3320 Eunomius
1206 3281 1334 3319 vero
1362 3266 1428 3320 ad
1474 3264 1744 3320 elementa
1778 3281 1900 3336 quae
1939 3277 2052 3320 tra-

479 3355 592 3410 dita
625 3353 860 3420 fuerant,
889 3357 1182 3412 exeolenda
1228 3371 1292 3410 ac
1338 3357 1725 3426 promovenda,
1765 3367 1818 3410 et
1862 3357 1928 3410 ad
1969 3357 2048 3410 in-

2143 1901 2368 1974 θάτερον
2396 1901 2504 1974 γὰρ
2541 1903 2654 1954 τοῖν
2694 1900 2841 1954 δυοῖν
2873 1899 3088 1968 ἀνάγκη
3138 1900 3328 1952 ποιεῖν.
3377 1895 3437 1949 Ὀ
3471 1896 3528 1948 δὲ
3561 1894 3728 1966 μηδὲν

2146 1991 2419 2063 μελλήσας
2449 1991 2550 2063 τήν
2589 2008 2647 2044 τε
2676 1989 2854 2060 ζώνην
2897 1987 3092 2042 ἐαυτοῦ
3130 1987 3336 2048 λύεται,
3369 1985 3464 2039 καὶ
3493 1987 3730 2054 ἄσμενος

2145 2081 2482 2152 ἐξεχώρησεν
2502 2083 2579 2145 ὼς
2601 2077 2714 2151 εἶχε
2739 2079 2847 2134 τῶν
2875 2078 3181 2150 βασιλείων.
3211 2078 3320 2131 Καὶ
3345 2077 3504 2130 αὐτὸν
3519 2077 3572 2129 οἱ
3599 2075 3731 2144 ἔφυ-ο

2146 2191 2228 2246 ροι
2263 2175 2373 2244 (l9)
2419 2173 2558 2244 μετὰ
2586 2189 2708 2226 τινα
2748 2171 2940 2243 χρόνον
2985 2169 3211 2240 ὕστερον
3249 2169 3542 2221 ἐπίσκοπον
3569 2168 3734 2237 ἐστή-

2148 2283 2309 2319 σαντο
2335 2265 2434 2336 τῆς
2471 2264 2869 2335 Μοψουεστίας.
2901 2261 3106 2316 Τούτου
3133 2259 3190 2312 δέ
3223 2259 3450 2328 ἀδελφὸς
3470 2257 3736 2330 νεώτερος

2145 2351 2418 2424 Θεόδωρος
2443 2349 2532 2423 ἦν.
2569 2353 2709 2424 ἀνὴρ
2733 2351 2843 2405 τῶν
2888 2351 3146 2421 Ἀθήνῃσι
3175 2348 3598 2402 παιδευθέντων.
3637 2350 3737 2411 Ὃς

2146 2444 2240 2496 καὶ
2269 2444 2430 2507 αὐτὸς
2461 2445 2652 2516 χρόνον
2679 2443 2908 2514 ὕστερον
2937 2443 3244 2514 ἐπισκοπὴν
3275 2443 3372 2512 τῆς
3399 2439 3614 2512 Ταρσοῦ
3641 2441 3737 2493 ἐκ·

2147 2534 2378 2606 κλησίας
2423 2533 2578 2604 ἔτυχε
2613 2531 3058 2604 κληρωσάμενος.
3101 2533 3161 2587 '0
3193 2530 3302 2601 γὰρ
3327 2529 3391 2600 δὴ
3436 2529 3637 2592 ’Δὲτιος
3666 2527 3739 2583 τὰ

2149 2625 2392 2697 πρότερα
2430 2625 2494 2678 δι’
2531 2623 2722 2679 ἑαυτοῦ
2756 2625 2847 2678 τόν
2881 2641 2941 2676 τε
2982 2623 3229 2688 Εὑδόξιον
3275 2621 3435 2676 αὐτὸν
3469 2621 3582 2692 (20)
3633 2621 3736 2674 καὶ

2149 2717 2340 2781 ἄλλους
2376 2719 2502 2780 τοὺς
2537 2717 2790 2770 πλείστου
2820 2716 2980 2784 λόγου
3011 2716 3192 2782 ἀξίους
3224 2713 3512 2776 διδάσκων,
3543 2710 3735 2782 ἐπειδὴ

2148 2811 2242 2863 τὸν
2272 2810 2536 2880 Εὐνόμιον
2582 2811 2662 2872 εἰς
2711 2807 2770 2862 τὸ
2813 2810 2913 2878 τῆς
2962 2805 3312 2868 διδασκαλίας
3364 2802 3736 2875 προὺϐίϐασεν

2154 2899 2336 2972 ἔργον,
2365 2899 2540 2970 τούτῳ
2577 2900 2678 2970 ἤδη
2711 2899 2851 2954 κατά
2884 2899 2946 2952 τὸ
2981 2898 3230 2954 πλεῖστον
3271 2896 3388 2950 ἀνθ’
3426 2895 3620 2950 ἑαυτοῦ
3652 2895 3740 2947 δι-

2153 2993 2406 3064 δασκάλῳ
2433 2994 2632 3064 ἐχρῆτο
2665 2993 2798 3065 πρὸς
2823 2994 2946 3055 τοὺς
2975 2991 3165 3055 ἄλλους
3183 3007 3199 3022 ·
3233 2990 3475 3052 καὶτοὺς
3503 2988 3742 3058 μάλιστα

2153 3085 2488 3156 τελεωτέρας
2539 3083 2827 3155 μαθήσεως
2877 3083 3184 3154 δεομένους.
3222 3082 3333 3134 Καὶ
3374 3081 3485 3151 γὰρ
3527 3081 3742 3139 ἐκεῖνος

2163 3175 2262 3246 μὲν
2295 3171 2362 3246 ἦν
2393 3175 2565 3247 ἀρχὰς
2599 3179 2896 3246 παρασχεῖν
2926 3175 3170 3247 ἄριστός.
3197 3165 3354 3237 οὗτος
3373 3172 3429 3226 δέ
3458 3171 3559 3235 τὰς
3577 3167 3742 3224 δοθείη

2161 3283 2260 3330 σας
2289 3267 2644 3339 ἐργάσασθαι,
2674 3267 2768 3321 καὶ
2807 3268 2994 3336 σαφῶς
3027 3285 3086 3320 τε
3117 3267 3234 3338 ἅμα
3274 3267 3370 3322 καὶ
3402 3263 3738 3336 μεγαλοπρεο

2160 3359 2278 3422 πῶς
2309 3359 2642 3430 ἑρμηνεῦσαι
2681 3359 2969 3431 παραπολὺ
2993 3360 3381 3431 δυνατώτερος.

481 3449 884 3520 terpretandum
945 3451 1227 3520 perspicue
1277 3449 1439 3505 simul
1490 3459 1653 3521 atque
1720 3451 2040 3521 magniﬁce,
2077 3453 2236 3524 longe
2269 3455 2360 3510 illo
2385 3458 2730 3526 praestantior
2757 3456 3056 3512 habebatur
3086 3455 3218 3524 (17).

1699 3565 1773 3620 Ex
1811 3565 1978 3622 Suida
2009 3569 2065 3623 in
2095 3583 2229 3625 voce
2259 3571 2537 3637 Εὐδὸξιος.

553 3683 831 3740 Endoxius
869 3685 1161 3754 episcopus
1186 3683 1514 3749 Antiuchizc,
1565 3701 1630 3739 ex
1667 3685 1928 3742 Arabisso
1962 3687 2062 3742 mi-

485 3777 636 3833 noris
672 3776 943 3832 Armeniaa
981 3777 1179 3846 oppido
1219 3777 1505 3832 oriundus.
1538 3776 1700 3832 Pater
1730 3779 1850 3848 ejus
1881 3778 2060 3834 Caesa-

483 3871 620 3936 rius,
659 3867 956 3924 Maximino
998 3869 1766 3938 imperium-administrante,
1818 3871 2064 3942 martyrii

484 3973 742 4014 coronam
788 3969 1181 4030 reportaverat,
1229 3960 1354 4016 licet
1383 3961 1536 4030 prius
1569 3961 1940 4031 voluptatibus
1969 3962 2063 4017 ad-

485 4049 684 4105 dictior
720 4051 872 4106 visus
905 4049 1118 4107 luisset.
1159 4050 1362 4108 Verum
1414 4052 1614 4121 prioris
1653 4055 1776 4109 vita:
1817 4055 2063 4109 maculas

483 4144 732 4214 martyrii
749 4145 834 4199 sui
855 4159 1052 4199 cruore
1079 4145 1289 4200 studuit
1311 4147 1514 4201 cluere.
1539 4146 1674 4201 Nam
1702 4162 1824 4200 cum
1851 4157 2065 4202 utrum-

487 4249 597 4303 que
623 4235 673 4288 ei
701 4235 892 4303 pedem
928 4250 1024 4290 sex
1075 4238 1332 4292 maximis
1371 4239 1541 4293 clavis
1566 4238 1851 4293 carnifices
1887 4249 2064 4294 trans-

487 4322 760 4383 ﬁxissent,
789 4339 914 4377 eum
942 4323 994 4377 in
1027 4339 1220 4394 rogum
1246 4328 1602 4396 conjecerunt
1627 4345 1641 4393 ;
1674 4329 1769 4383 sed
1803 4329 2060 4396 quoniam

489 4413 558 4467 ad
591 4413 765 4482 ignem
787 4429 1084 4482 properans
1109 4417 1394 4471 confestim
1417 4418 1812 4484 exspiraverat,
1833 4421 2063 4472 cadaver

491 4504 614 4573 ejus
643 4505 967 4559 semiustum
1001 4504 1180 4560 adhuc
1209 4515 1264 4560 et
1301 4508 1570 4577 integrqu
1611 4509 1906 4580 propinqui
1933 4523 2059 4564 cum

490 4609 525 4649 ο
552 4608 686 4664 rogo
707 4595 1078 4658 sustulissent,
1104 4596 1158 4649 in
1186 4609 1317 4667 agro
1347 4597 1581 4665 quodam
1604 4598 1696 4667 qui
1729 4597 1892 4654 Subel
1926 4600 2062 4654 dici-

491 4694 582 4741 tur
607 4685 977 4756 deposuerunt
1016 4687 1148 4759 (18).

2231 3691 2482 3757 Εὑδόξιος
2511 3695 2808 3756 ἐπίσκοπος
2845 3692 3176 3763 Ἀντιοχείας
3201 3690 3263 3757 ἐξ
3293 3687 3618 3762 Ἀραϐισσοῦ
3644 3688 3744 3761 τῆς

2164 3786 2367 3856 μικρᾶς
2413 3785 2721 3856 Ἀρμενίας.
2767 3785 2826 3838 Ὀ
2870 3785 2927 3837 δέ
2980 3783 3164 3854 πατὴρ
3203 3779 3366 3837 αὐτοῦ
3416 3779 3744 3850 Καισάριος,

2159 3876 2252 3930 ἐπὶ
2279 3876 2622 3947 Μαξιμιανοῦ
2661 3877 2750 3930 τὸν
2790 3877 2880 3930 τοῦ
2915 3875 3212 3948 μαρτυρίου
3259 3873 3520 3942 στέφανον
3554 3871 3745 3942 ἀνεδήο

2162 3986 2314 4032 σατο,
2369 3968 2542 4022 καίτοι
2596 3969 2859 4041 πρότερον
2904 3967 3106 4038 ἡδονῶν
3136 3967 3314 4035 ἥττων
3359 3963 3561 4035 φανείς.
3604 3963 3744 4015 Ἀλλ’

2163 4057 2426 4130 ἐϐουλήθη
2456 4059 2556 4124 τὰς
2591 4057 2813 4130 πρώτας
2843 4059 3064 4129 κηλίδας
3094 4059 3182 4112 διὰ
3200 4056 3292 4112 τοῦ
3327 4055 3627 4130 μαρτυρίου
3651 4053 3745 4107 τοῦ

2163 4151 2394 4222 αἵματος
2425 4149 2868 4223 ἁπορῥύψασθαι.
2900 4150 3098 4214 "Inoo;
3121 4149 3229 4220 γὰρ
3263 4147 3528 4219 μεγάλους
3557 4145 3746 4200 ἐκατέο

2165 4259 2261 4312 ρου
2296 4241 2404 4302 τῶν
2441 4239 2617 4294 ποδῶν
2651 4240 2708 4306 ἓξ
2738 4237 2829 4294 τὸν
2863 4237 3097 4310 ἀριθμὸν
3126 4236 3290 4290 αὑτοῦ
3318 4235 3746 4305 διαπερονήσαν·

2161 4349 2254 4394 τες
2283 4332 2415 4401 πυρὶ
2465 4331 2798 4400 παρέδοσαν·
2841 4330 2934 4384 καὶ
2988 4327 3174 4400 ἐπειδὴ
3227 4327 3426 4382 αὐτίκα
3474 4324 3609 4396 πρὸς
3646 4323 3746 4395 τὴν

2167 4421 2340 4490 φλόγα
2368 4420 2560 4491 χωρῶν
2602 4419 2892 4484 ἀπέθανεν,
2919 4418 3252 4490 ἡμίφλεκτον
3285 4417 3366 4469 ἔτι
3400 4415 3495 4469 καὶ
3525 4414 3664 4467 σῶον
3696 4413 3746 4466 οἱ

2167 4512 2534 4581 προσήκοντες
2579 4508 2671 4562 τὸν
2720 4508 2913 4580 νεκρὸν
2957 4508 3290 4580 ἀνελόμενοι,
3339 4505 3396 4559 ἐν
3432 4521 3537 4560 τινι
3587 4501 3748 4574 ἀγρῷ

2166 4601 2367 4654 Σουϐἐλ
2391 4601 2666 4672 λεγομένῳ
2691 4600 3010 4654 κατέθεσαν.

1725 4794 1964 4840 VALESI!
2005 4791 2504 4840 ANNOTATIONES.

567 4900 678 4974 (Π)
715 4900 1202 4974 _\_'it_lc_Ph_ilost.in
1234 4903 1328 4956 lib.
1361 4917 1414 4965 ν,
1451 4919 1572 4974 cap.
1607 4902 1659 4956 2.

567 4971 680 5038 (l8)
715 4969 838 5025 Vid.
862 4971 1090 5026 Philost.
1125 4973 1217 5026 lib.
1257 4989 1328 5034 tv,
1365 4988 1416 5028 c.
1449 4973 1504 5026 4.

567 5041 680 5113 (19)
718 5040 1044 5116 Ιιᾏιᾼὶρύτύν
1070 5043 1124 5116 οἱ
1145 5042 1378 5116 ἔφοροι.
1412 5041 1526 5116 Hoc
1559 5043 1772 5115 insigne
1805 5045 2074 5116 fragmen-

493 5110 637 5183 tum,
663 5110 729 5166 ex
758 5111 1114 5183 Philostorgii
1135 5110 1382 5166 Historia
1408 5110 1742 5183 descriptum
1773 5110 1917 5172 esse:
1939 5117 2076 5168 mul-

495 5181 934 5259 tisargumentis
959 5180 1210 5259 convinci
1235 5191 1433 5259 potest.
1457 5180 1678 5259 Nam'gt
1703 5184 1903 5259 locutio
1919 5186 2076 5259 plane

494 5247 924 5326 Philostorginm
954 5252 1192 5326 redolet:
1221 5247 1798 5326 ferbi_gratia,_§pppoz
1823 5247 1932 5309 hoc'
1956 5255 2074 5326 loco

498 5318 760 5394 dicuntur
785 5318 1067 5394 episcopi;
1097 5320 1251 5394 Quod
1298 5321 1542 5394 quidem_
1565 5318 1694 5376 alibi
1715 5318 1902 5392 'quam
1936 5325 2075 5394 apud

491 5385 922 5464 Ifhilostorgium
961 5385 1176 5464 dillicile
1205 5385 1776 5464 reperiasLPraeterea
1810 5409 1932 5464 quae
1973 5385 2078 5448 sub

499 5458 664 5534 tinem
699 5459 970 5534 adduntur
1007 5459 1075 5534 de
1101 5458 1341 5534 Aetio'et
1367 5463 1433 5516 tle
1472 5462 1762 5529 Eunomia,
1790 5458 2078 5534 perspicue

497 5525 746 5599 indicant
780 5529 1066 5599 fragtnenti
1111 5529 1277 5598 hujus
1304 5539 1586 5586 auctorem
1616 5525 2075 5589 esse'Philo'stor-

499 5597 673 5668 gittm.
712 5601 846 5665 Quis
874 5597 1021 5654 enim
1057 5597 1198 5655 alius
1233 5599 1612 5657 haereticorum
1655 5603 1874 5658 illorum
1923 5611 2076 5660 dotes

498 5666 568 5723 ie
593 5666 782 5723 laudes
812 5679 923 5724 tam
954 5669 1245 5724 ambitiose
1269 5672 1758 5727 commemoraret?

571 5735 684 5810 (20)
733 5739 842 5794 Τόν
866 5756 930 5794 τε
960 5737 1480 5804 Εῠδὸξιοναίιτόν.
1515 5741 1710 5800 Procul
1739 5742 1906 5800 dubio
1937 5744 2086 5826 scti-
2119 5823 2140 5829 _

2175 4902 2410 4957 bendum
2440 4909 2542 4959 est.
2577 4899 2666 4954 τόν
2695 4915 2753 4953 τε
2796 4897 3079 4968 Εὐνόμιον.
3112 4896 3298 4968 Neque
3327 4897 3480 4968 enim
3509 4893 3752 4968 Eudoxii

2174 4973 2432 5040 magister
2455 4971 2557 5025 fuit
2578 4969 2788 5034 Aetius,
2811 4970 2905 5040 sed
2927 4966 3504 5040 Eunomii.‘Eudoxius
3525 4966 3750 5040 quidem

2171 5037 2558 5096 Antiochensis
2583 5041 2874 5109 episcopus
2895 5039 2948 5092 in
2973 5038 3170 5094 divinis
3185 5037 3399 5109 Litteris
3425 5037 3749 5109 magistrum

2174 5112 2360 5166 habuit
2389 5106 2690 5166 Lucianum
2726 5106 3040 5179 martyrem,
3073 5117 3128 5160 ut
3165 5110 3325 5179 tradit
3349 5106 3755 5179 Philostorgius

2173 5181 2226 5235 in
2262 5182 2400 5235 libro
2431 5196 2486 5242 tt,
2525 5195 2645 5250 cap.
2682 5179 2770 5234 15.
2809 5178 2920 5248 Ego
2956 5187 3134 5250 tamen
3169 5178 3758 5250 Eudoxiumdiscipu-

2173 5253 2349 5306 lorum
2386 5247 2612 5306 Luciani
2643 5247 2945 5302 auditorem
2978 5248 3156 5317 potius
3179 5249 3350 5303 fuisse
3379 5247 3706 5302 crediderim
3727 5265 3746 5302 :

2173 5337 2301 5376 nam
2349 5335 2474 5377 cum
2511 5319 2790 5374 Eudoxius
2823 5317 3060 5388 Valentis
3095 5320 3398 5388 principatu
3443 5331 3752 5372 eXtremum

2173 5393 2316 5446 diem
2362 5389 2580 5460 obiurit,
2627 5389 2904 5458 quomodo
2935 5387 3496 5460 Lucianiﬂmartyris,
3529 5389 3623 5454 qui
3651 5401 3754 5460 re-

2174 5471 2373 5530 gnante
2400 5455 2698 5530 Maximino
2729 5472 2922 5530 passus
2953 5469 3057 5530 est,
3087 5459 3306 5530 auditor
3331 5455 3455 5530 esse
3487 5455 3754 5530 potuerit,

2173 5528 2424 5600 équidem
2453 5544 2558 5600 non
2585 5529 2762 5583 video.
2795 5528 3074 5600 Asterium
3099 5529 3318 5600 quidem
3341 5528 3754 5600 Cappadocem,

2175 5596 2268 5670 qui
2302 5615 2446 5670 unus
2473 5598 2577 5652 fuit
2605 5598 2982 5670 ex_discipulis
3024 5596 3266 5670 Lueiani.
3297 5596 3620 5670 magistrum
3649 5596 3758 5670 ha-

2173 5666 2360 5725 liuisse
2402 5669 2616 5724 videtur
2660 5666 2961 5738 Ettdoiius,
3007 5677 3065 5726 ut
3095 5669 3296 5727 indicat
3349 5666 3758 5737 Philostorgius

2175 5740 2229 5796 in
2258 5741 2352 5798 lib.
2396 5755 2468 5798 tv,
2507 5742 2705 5798 carne.

2175 5755 2229 5796 tn
2258 5754 2352 5798 nn.
2396 5755 2468 5806 tv,
2507 5754 2627 5810 cap.
2651 5754 2705 5796 4.
