3996 6340
250 474 255 481 ι
272 384 387 443 633

1686 408 2135 469 FRAGMENTA.

3438 420 3546 479 ομ

1371 543 1445 600 Ex
1488 546 1679 604 eodem
1718 548 1885 605 Suida
1908 549 1964 603 in
1992 564 2127 605 voce
2157 547 2436 620 Θεόφιλος.

346 643 607 713 Θεόφιλος
653 638 810 712 οὗτος
852 649 960 704 ἀπὸ
1000 652 1176 708 Ἰνδῶν
1198 654 1510 713 ἐπανελθὼν
1548 662 1607 716 ἐν
1656 663 1856 716 Ἀντιο-

2033 661 2369 733 Theophilus
2410 678 2476 719 ex
2523 662 2677 719 ludia
2710 676 2984 733 reversus,
3013 669 3315 724 Antiochia!
3360 670 3541 727 domi-

269 735 405 807 χεία
435 735 658 807 διῆγεν’
694 739 990 811 ἐκκλησίαν
1029 745 1127 815 μέν
1171 748 1571 821 ἀφωρισμένως
1607 753 1861 824 οὐδεμίαν

271 824 418 894 ἔχων
455 827 645 891 αὐτός’
678 830 938 892 κοινὺςνδέ
984 851 1069 898 τις
1096 834 1193 901 ὣν,
1224 839 1300 902 ὡς
1329 842 1530 906 πάσαις
1555 844 1702 914 αὑτῷ
1743 846 1860 915 μετ’

270 915 461 979 ἀδείας
494 918 776 991 ἐπιφοιτᾷν
816 922 892 986 ὡς
932 923 1091 988 ἰδίαις
1126 928 1264 992 ἐξὸν,
1317 929 1582 1000 βασιλέως
1612 936 1770 990 αὑτὸν
1804 938 1861 1000 ἐς

268 1007 343 1060 τὰ
373 1007 606 1076 μάλιστα
643 1010 731 1064 διὰ
760 1016 925 1084 τιμῆς
963 1032 1023 1067 τε
1059 1017 1241 1089 πάσης
1273 1021 1365 1072 καὶ
1397 1022 1574 1086 αἰδοῦς
1600 1026 1855 1096 ἄγοντοςο

271 1099 370 1153 καὶ
402 1101 510 1153 τῶν
538 1101 711 1155 ἄλλων
735 1105 1010 1170 ἁπάντων,
1036 1110 1254 1174 ὁπόσοις
1284 1114 1560 1184 ἐπισταίη,
1594 1117 1731 1184 μετά
1753 1118 1861 1171 πά-

270 1208 378 1263 σης
402 1193 709 1264 προθυμίας
735 1196 898 1251 αὑτὸν
931 1198 1360 1271 ὑποδεχομένων,
1392 1206 1485 1258 καὶ
1513 1207 1572 1259 τὺ
1593 1206 1689 1277 τῆς
1730 1209 1859 1279 ἀρε-

267 1284 373 1353 τῆς
424 1284 588 1337 αὑτοῦ
642 1287 868 1357 μέγεθος
922 1292 1471 1364 καταπληττομένων.
1514 1295 1624 1351 Ἦν
1677 1299 1786 1371 γὰρ
1831 1303 1859 1354 ό

267 1374 415 1447 ἀνὴρ
463 1377 731 1447 κρείσσων
761 1378 795 1448 ἦ
838 1379 913 1443 ὡς
942 1381 1008 1435 ἄν
1048 1399 1132 1449 τις
1163 1383 1420 1456 δηλώσειε
1463 1387 1605 1459 λόγῳ
1628 1406 1642 1421 ο
1680 1391 1757 1454 ὡς
1793 1392 1858 1447 ἄν

269 1480 358 1529 τις
390 1466 499 1519 τῶν
538 1468 850 1522 ἀποστόλων
880 1471 1066 1525 εἰκών.
1116 1473 1351 1543 Λέγεται
1378 1476 1441 1545 γέ
1476 1479 1560 1531 τοί
1606 1496 1734 1533 ποτε
1764 1483 1858 1535 καὶ

266 1556 467 1627 νεκρὸν
495 1560 793 1631 ἀναστῆσαι
825 1563 883 1615 ἐν
922 1564 1219 1637 Ἀντιοχείᾳ
1259 1568 1517 1633 Ἰουδαίας
1546 1571 1711 1635 τινός.
1747 1572 1854 1625 Θαο

264 1649 494 1714 λάσσιος
534 1652 590 1704 δέ
632 1651 790 1705 τοῦτό
835 1672 990 1725 φησι,
1020 1657 1128 1709 τῶν
1172 1659 1259 1711 ἐπ’
1297 1661 1396 1713 οὑκ
1443 1662 1623 1731 ὀλίγον
1670 1665 1858 1735 τάνδρὶ

268 1744 685 1812 συγγενομένων
728 1744 937 1815 χρόνον,
975 1746 1066 1800 καὶ
1098 1748 1297 1817 ἥκιστα
1323 1750 1386 1822 δὴ
1415 1754 1497 1816 είς
1534 1754 1602 1808 τὰ
1634 1755 1857 1809 τοιαῦτα

264 1838 560 1907 ψεύδεσθαι
596 1840 838 1903 ὕποπτος
870 1839 946 1893 ὥν
965 1859 978 1872 ·
1018 1842 1194 1907 ἄλλως
1238 1860 1296 1899 τε
1341 1847 1434 1900 καὶ
1458 1848 1599 1919 ἔχων
1624 1850 1723 1903 οὑκ
1748 1849 1859 1904 ὀλί-

262 1946 404 1998 γους
450 1930 558 1984 τῶν
603 1932 741 1985 κατὰ
770 1934 860 1985 τὸν
900 1937 1062 1990 αὑτὸν
1110 1937 1256 2009 αὐτῷ
1300 1942 1610 2012 γενομένων
1664 1928 1855 2015 χρόνον

264 2020 397 2082 τοὺς
423 2022 951 2093 ἐπιμαρτυροῦντας.

1967 754 2151 809 cilium
2197 755 2313 810 ﬁxit
2346 773 2359 810 :
2396 757 2672 826 propriam
2719 755 2938 826 quidem
2993 772 3055 813 ac
3087 760 3416 828 peculiarem
3453 776 3544 818 ec-

1964 845 2184 899 clesiam
2233 845 2440 899 nullam
2486 845 2723 912 habens;
2761 848 3069 902 communis
3112 864 3243 903 vero
3294 838 3544 905 omnium

1962 937 2212 999 antistes,
2260 938 2396 991 adeo
2442 945 2500 991 ut
2533 948 2762 992 cunctas
2791 938 2960 993 libere
3001 954 3101 1010 pro
3136 941 3402 995 arbitratu
3440 958 3541 997 suo

1962 1035 2225 1096 tanquam
2251 1029 2502 1098 proprias
2528 1030 2683 1093 adire
2708 1030 2756 1083 ei
2781 1030 2989 1092 liceret,
3023 1047 3145 1085 cum
3176 1040 3229 1086 et
3251 1032 3541 1101 imperator

1963 1117 2263 1169 maximum
2291 1118 2338 1170 ei
2375 1120 2636 1173 honorem
2666 1136 2729 1174 ac
2765 1124 3129 1176 reverentiam
3163 1125 3466 1191 exhiberet,
3490 1134 3542 1180 et

1960 1210 2153 1278 reliqui
2193 1225 2384 1265 omnes
2427 1212 2493 1265 ad
2526 1228 2664 1281 quos
2711 1225 3039 1282 accesserat,
3075 1233 3289 1271 summa
3340 1218 3541 1272 alacri-

1959 1308 2068 1353 tate
2096 1317 2220 1354 eum
2272 1303 2605 1373 exciperent,
2649 1304 2983 1377 virtutisque
3012 1308 3132 1377 ejus
3169 1310 3541 1378 praestantiam

1950 1390 2386 1446 admirarentur.
2435 1392 2569 1459 Quae
2620 1394 2841 1464 quidem
2900 1399 3022 1453 talis
3071 1415 3136 1453 ac
3170 1408 3318 1454 tanta
3371 1401 3425 1454 in
3478 1416 3543 1456 eo
3635 1396 3646 1409 ’

1958 1481 2081 1545 fuit,
2112 1492 2172 1536 ut
2202 1499 2320 1537 eam
2361 1501 2525 1539 nemo
2558 1487 2740 1542 verbis
2774 1490 3046 1558 explicare
3087 1491 3263 1559 possit
3292 1510 3305 1545 :
3340 1492 3543 1562 quippe

1958 1576 2051 1644 qui
2087 1574 2265 1645 imago
2295 1577 2543 1645 qutedam
2573 1578 2736 1632 fuerit
2766 1581 3161 1649 apostolorum.
3189 1581 3357 1637 Aiunt
3377 1584 3541 1638 etiam

1958 1683 2083 1737 eum
2133 1668 2427 1737 aliquando
2482 1669 2784 1726 Antiochiae
2832 1670 3075 1727 Iudaeam
3135 1675 3428 1742 quamdam
3475 1690 3542 1729 ex

1959 1762 2192 1816 mortuis
2241 1762 2558 1818 suseitasse.
2600 1762 2652 1817 Id
2693 1774 2875 1819 autem
2923 1764 3159 1820 allirmat
3192 1766 3539 1831 Thalassius,

1957 1853 2050 1923 qui
2097 1869 2222 1908 cum
2276 1855 2369 1909 illo
2410 1856 2719 1911 diutissime
2752 1866 3004 1913 versatus
3029 1867 3134 1924 est,
3173 1868 3226 1912 et
3258 1858 3311 1912 in
3342 1858 3534 1927 hujus-

1958 1945 2108 1999 modi
2162 1947 2353 1999 rebus.
2382 1956 2535 2000 extra
2583 1947 2953 2016 suspicionem
2994 1957 3079 2003 est
3126 1948 3397 2004 mendacii
3436 1964 3449 2000 :
3486 1955 3541 2002 et

1885 2019 1926 2074 Β
1955 2032 2048 2103 qui
2077 2032 2281 2101 alioqui
2316 2032 2461 2087 haud
2498 2050 2702 2103 paucos
2738 2034 2902 2090 habet
2933 2036 3100 2107 hujus
3132 2037 3209 2091 rei
3249 2045 3418 2091 testes
3445 2034 3540 2105 qui

1954 2123 2144 2178 eodem
2178 2132 2426 2194 tempore
2462 2126 2732 2180 vixerunt.

1389 2231 1526 2288 Item
1557 2250 1621 2291 ex
1661 2236 1829 2309 Suida
1858 2241 1916 2296 in
1947 2255 2079 2295 voce
2117 2239 2390 2305 Λεόντιος.

340 2337 592 2401 Λεόντιος
626 2339 936 2411 Τριπόλεως
964 2344 1063 2416 τῆς
1092 2345 1289 2410 Λυδίας
1317 2348 1634 2415 ἐπίσκοπος,
1671 2352 1858 2416 Μυσὸς

264 2428 330 2481 τὸ
356 2432 511 2497 γένος
540 2430 645 2482 τῶν
675 2432 808 2504 πρὸς
846 2434 922 2503 τῷ
957 2437 1158 2510 Ἴστρῳ
1183 2441 1612 2511 κατῳκημένων,
1643 2442 1738 2507 οὓς
1762 2445 1860 2513 ἀγ-

265 2522 539 2593 χιμὰχους
562 2523 708 2595 Ὄμη
718 2541 809 2596 ρος
826 2526 999 2580 καλεῖ.
1017 2528 1122 2581 Τὸν
1146 2531 1382 2584 τοιοῦτον
1411 2534 1663 2588 Λεόντιον
1681 2555 1853 2608 προσ⁶

266 2613 604 2683 εταιρίζεται
649 2616 677 2667 ό
721 2618 1012 2689 κακόφρων
1053 2620 1432 2693 Φιλοστόργιος
1483 2625 1541 2679 ἐν
1576 2628 1642 2698 τῇ
1689 2627 1858 2698 βίϐλῳ

264 2704 393 2755 ἀντὶ
433 2704 525 2756 τοῦ
565 2704 698 2775 (ει),
731 2706 806 2771 ὠς
854 2709 1129 2780 ὁμόφρονα
1170 2712 1270 2782 τῆς
1313 2713 1655 2788 ’Λρειανικῆς
1693 2719 1856 2774 αὑτοῦ

272 2795 713 2866 κακοφροσὺνης.
754 2797 842 2861 Ὦς
870 2795 1022 2863 οὗτος
1048 2803 1213 2857 παῖδα
1234 2804 1330 2857 ἐνα
1366 2807 1634 2878 ἐσχηκὼς,
1670 2811 1856 2883 ἐπειδὴ

272 2887 352 2955 μὴ
388 2888 629 2958 χρηστὰς
656 2888 878 2954 ἐλπίδας
907 2893 1069 2946 αὑτὸν
1094 2895 1462 2964 ὑποφαίνοντα
1501 2901 1637 2969 πρὸς
1657 2902 1858 2974 ἀρετὴν

267 2975 403 3040 εἶδε,
428 2979 743 3050 εὐξάμενος,
767 2981 843 3046 ὥς
870 3002 1055 3053 φασιν,
1079 2986 1159 3040 ἔτι
1192 2990 1476 3060 μειράκιον
1495 2992 1645 3057 ὄντα,
1680 2997 1860 3066 ἐποίη-

271 3086 367 3123 σεν
389 3072 679 3127 ἀποθανεῖν
696 3091 709 3103 ·
731 3075 1015 3131 κάλλιστον
1040 3080 1403 3151 ἡγησάμενος,
1424 3083 1484 3136 τὸ
1505 3084 1611 3155 πρὸ
1631 3085 1859 3158 αἰσχροῦ

270 3180 419 3226 τινος
464 3167 867 3222 καταλύσασθαι
907 3170 996 3222 τὸν
1048 3172 1183 3241 βίον,
1236 3175 1343 3229 τῶν
1381 3177 1667 3249 σφαλερῶν
1715 3180 1856 3234 κατὰ

2032 2352 2296 2409 Leontius
2323 2355 2618 2426 episcopus
2657 2355 2897 2429 Tripolis
2936 2357 3091 2413 urbis
3138 2356 3341 2429 Lydiaz,
3389 2365 3544 2412 ortus

1961 2462 2029 2500 ex
2057 2445 2241 2503 Μηδεὶς
2270 2448 2364 2517 qui
2389 2450 2588 2504 Istrum
2620 2450 2893 2511 accolunt,
2922 2464 3066 2520 quos
3096 2448 3365 2505 Homerus
3389 2449 3546 2518 ἀγχι-

1962 2540 2168 2610 μάχους
2214 2541 2484 2610 appellat,
2517 2541 2569 2595 id
2596 2549 2714 2607 est,
2750 2544 2989 2596 cominus
3030 2554 3347 2613 pugnantes.
3386 2539 3542 2596 llunt‘

1960 2625 2251 2681 Leontium
2284 2630 2400 2684 suis
2443 2630 2691 2700 partibus
2728 2631 2977 2700 adjungit
3004 2631 3205 2701 impius
3234 2630 3541 2685 Philostor-

1962 2717 2085 2788 gius
2115 2718 2168 2771 in
2201 2719 2296 2773 lib.
2330 2719 2589 2774 Historia:
2619 2738 2733 2775 sua:
2760 2723 3014 2792 septimo,
3042 2731 3299 2792 tanquam
3329 2722 3543 2776 Arianae

1962 2819 2125 2865 secta:
2154 2826 2317 2880 quam
2350 2810 2466 2880 ipse
2518 2814 2898 2881 prolitehatur,
2948 2814 3248 2868 addictum.
3286 2811 3385 2867 llic
3416 2828 3543 2866 cum

1964 2901 2187 2955 unicum
2216 2900 2446 2955 haberet
2480 2901 2675 2966 lilium,
2728 2918 2828 2957 nec
2862 2903 3027 2956 ullam
3060 2906 3114 2957 iu
3155 2918 3220 2957 eo
3267 2904 3420 2957 bona:
3454 2902 3543 2955 in-

1954 2992 2105 3048 dolis
2135 3002 2321 3048 notam
2352 2994 2832 3057 animadverteret,
2864 2996 3208 3050 orationibus
3235 3013 3265 3049 ιι
3297 2993 3405 3047 Deo
3439 2992 3542 3047 im-

1962 3086 2218 3152 petravit,
2266 3093 2326 3137 ut
2363 3084 2542 3138 adhuc
2592 3084 2913 3141 adolescens
2950 3101 3017 3140 ex
3068 3086 3170 3140 hac
3207 3086 3315 3139 vita
3365 3086 3541 3141 disce-

1963 3176 2148 3241 deret,
2189 3174 2365 3229 satius
2398 3189 2520 3230 esse
2545 3176 2797 3240 judicans
2825 3187 2885 3230 ut
2916 3187 3041 3231 ante
3072 3176 3244 3230 ullum
3282 3176 3540 3246 probrum

267 3254 363 3308 τὸν
387 3254 500 3325 βίον
520 3257 745 3311 ὁλίσθων
772 3260 878 3325 ἔξω
900 3263 1209 3333 γενόμενον.
1235 3269 1452 3322 Κανόνα
1471 3270 1527 3322 δέ
1551 3271 1712 3324 αὑτὸν
1735 3273 1857 3327 ἑκά·

1961 3284 2027 3324 ac
2075 3267 2341 3338 ﬂagitium
2395 3268 2719 3329 admissum,
2756 3279 2986 3323 mortem
3029 3277 3329 3339 oppeteret,
3361 3285 3427 3322 ex
3460 3270 3544 3322 in-

268 3346 397 3399 λουν
434 3352 530 3419 τῆς
568 3350 912 3422 Ἐκκὴσίας.
944 3351 1049 3408 ’Ἢν
1080 3357 1135 3410 δέ
1179 3359 1463 3432 ἐλεύθερος
1494 3363 1592 3434 τὴν
1631 3364 1856 3438 γνώμην

270 3439 468 3509 ἐπίσης
494 3441 570 3502 εἰς
595 3443 801 3507 πάντας
826 3445 919 3498 καὶ
941 3449 1431 3519 παρῤησιαστικός.
1453 3453 1563 3507 Καί
1584 3472 1711 3507 ποτε
1733 3472 1858 3508 συν-

267 3530 391 3582 ίδου
435 3533 751 3601 γενομένης,
784 3534 1077 3599 Εὑσεὸείας
1119 3539 1214 3608 τῆς
1263 3541 1641 3594 Κωνσταντίου
1672 3559 1858 3611 γυναι-

266 3621 366 3684 κὸς
396 3625 478 3686 εἰς
520 3625 716 3694 οἴδημα
764 3626 1025 3698 ἀρθείσης
1060 3632 1425 3703 φρονήματος,
1471 3636 1567 3687 καὶ
1615 3636 1719 3689 ὑπὸ
1751 3636 1856 3690 τῶν

269 3713 585 3767 ἐπισκόπων
621 3721 1121 3792 προσκυνουμένης,
1162 3722 1322 3790 μόνος
1351 3717 1504 3788 οὗτος
1531 3726 1683 3797 παρὰ
1716 3727 1856 3795 φαῦ-

269 3804 363 3857 λον
395 3807 565 3878 αὑτὴν
600 3808 898 3879 τιθέμενος,
944 3812 1080 3867 οἴκοι
1129 3813 1341 3876 ἔμενεν.
1382 3818 1448 3870 'll
1492 3818 1548 3872 δέ
1583 3819 1672 3875 διὰ
1699 3820 1857 3875 τοῦτο

268 3898 747 3969 ὑποθερμανθείσα
766 3905 877 3966 τοῖς
900 3902 1110 3973 θυμοῖς,
1135 3907 1229 3959 καὶ
1249 3907 1345 3979 τὴν
1364 3908 1590 3981 γνώμην
1612 3912 1857 3983 φλεγμή-

266 4004 430 4051 νασα,
465 3990 671 4059 πέμπει
706 3992 841 4062 πρὸς
865 3995 1030 4049 αὑτὸν
1056 4000 1375 4070 αἰτιωμένη,
1405 4004 1499 4055 καὶ
1528 4003 1854 4074 ὑποσχέσεσι

266 4082 661 4142 κολακεύουσα.
685 4086 760 4149 ὠς
798 4088 1123 4158 Ἐκκλησίαν
1151 4108 1231 4144 σοι
1259 4093 1519 4163 μεγίστην
1547 4096 1740 4166 ἐγερῶ,
1762 4099 1856 4150 καὶ

266 4176 532 4243 χρήματα
563 4176 1065 4249 ἐπιδαψιλεύσομαι,
1097 4184 1145 4233 εί
1168 4182 1385 4250 ἀφίκοιο
1417 4185 1551 4256 πρὸς
1583 4186 1670 4255 μέ.
1720 4188 1777 4240 Ὀ
1799 4187 1855 4240 δὲ

266 4266 607 4335 ἁντεὸήλωσε
622 4283 636 4297 ·
667 4268 882 4322 Τούτων
902 4271 999 4340 μὲν
1022 4272 1076 4325 εἴ
1094 4289 1146 4324 τι
1170 4272 1490 4345 βουληθείης
1512 4277 1852 4341 τελέσασθαι,

264 4354 317 4415 ὦ
348 4361 613 4427 βασίλεια.
645 4363 743 4414 οὑκ
781 4364 906 4433 ἐμοὶ
937 4364 1159 4433 μᾶλλον,
1190 4365 1221 4434 ἦ
1251 4368 1316 4436 τῇ
1359 4370 1424 4437 σῇ
1450 4368 1594 4439 ψυχῇ
1629 4368 1734 4422 ἴσθι
1759 4388 1856 4440 χα-

269 4451 555 4522 ριουμένη.
592 4452 654 4504 Εἰ
695 4452 751 4505 δὲ
791 4451 1072 4523 θελήσειας
1111 4454 1403 4521 ἀφικέσθαι
1454 4458 1589 4527 πρὸς
1642 4459 1722 4520 σέ,
1779 4460 1855 4523 ώς

266 4540 371 4609 τῆς
409 4544 520 4604 τοῖς
549 4542 866 4606 ἐπισκόποις
902 4543 1217 4615 πρεπούσης
1248 4546 1735 4621 φυλαχθησομένης
1770 4552 1856 4604 αἶ’

267 4630 392 4696 δοῦς
419 4648 433 4661 ο
467 4632 533 4684 ἶν’
560 4633 856 4704 εἰσέλθοιμι
896 4634 994 4705 μὲν
1035 4633 1166 4704 ἐγὼ,
1202 4637 1266 4689 σὺ
1295 4637 1340 4690 δ’
1365 4638 1565 4692 αὑτίκα
1606 4640 1699 4694 τοῦ
1731 4640 1853 4712 θρό-
1889 4610 1930 4664 D

267 4740 362 4776 νου
397 4722 491 4775 τοῦ
521 4722 727 4794 ὑψηλοῦ
756 4723 1061 4789 καταϐᾶσα,
1112 4725 1228 4795 μετ’
1264 4726 1447 4790 αἰδοῦς
1489 4728 1856 4801 ὑπαντήσειας

268 4814 417 4887 ἐμοὶ,
451 4815 544 4869 καὶ
588 4816 683 4886 τὴν
725 4815 967 4887 κεφαλὴν
1009 4816 1251 4889 ὑπόσχῃς
1278 4820 1399 4880 ταῖς
1436 4820 1598 4888 ἐμαῖς
1644 4822 1853 4892 χερσὶν,

268 4906 536 4976 εὑλογιῶν
599 4908 929 4980 ἀξιουμένηο
986 4909 1220 4962 κᾶπειτα
1268 4909 1591 4982 καθεσθείην
1641 4914 1740 4983 μὲν
1790 4915 1856 4969 ἂν

268 4998 405 5065 ἐγὼ,
438 4999 503 5051 σὺ
532 4999 577 5051 δ’
618 5001 683 5053 ἂν
716 5002 966 5072 ἐστήκοις
1000 5002 1318 5072 αἰδουμένη,
1352 5003 1553 5056 ὁπόταν
1580 5004 1635 5057 δὲ
1672 5008 1859 5061 κελεύ-

270 5108 454 5161 σαιμι,
481 5092 876 5163 καθεδουμένη,
906 5094 1068 5164 ἡνίκα
1102 5094 1247 5163 δοίην
1279 5095 1340 5147 τὸ
1372 5094 1642 5166 σύνθημα.
1668 5097 1732 5151 Ei
1771 5098 1862 5152 οὓ-

268 5198 379 5245 τως
402 5183 629 5253 αἱρήσῃ,
654 5183 954 5254 ἀφικοίμην
986 5184 1133 5255 παρὰ
1155 5184 1242 5235 σέ·
1275 5186 1323 5236 εἰ
1353 5183 1397 5236 δ’
1424 5184 1609 5255 ἕτερον
1639 5186 1857 5256 τρόπον,

172 5322 179 5328 .
268 5275 372 5343 οὐχ
419 5274 566 5326 οὕτω
617 5274 785 5326 πολλὰ
813 5274 1025 5338 δώσεις,
1071 5273 1346 5328 οὑδόὖτω
1380 5276 1594 5347 μεγάλα
1637 5276 1858 5348 δυνήσῃ,

268 5367 344 5430 ὡς
366 5368 512 5438 ἡμᾶς
543 5367 641 5439 τῆς
667 5367 1050 5441 προσηκούσης
1077 5369 1241 5439 τιμῆς
1257 5372 1366 5432 τοῖς
1385 5368 1706 5431 ἐπισκόποις
1729 5368 1862 5422 καθα

274 5460 627 5530 ὑφιεμένους,
671 5462 750 5524 εἰς
787 5460 877 5513 τὸν
917 5460 1060 5513 θεῖον
1100 5460 1381 5530 ἐξυϐρίσαι
1415 5461 1515 5532 τῆς
1561 5459 1859 5531 ἱερωσύνης

1958 3359 2125 3413 certis
2159 3373 2223 3412 ac
2252 3358 2578 3427 periculosis
2609 3358 2775 3427 hujus
2807 3360 2931 3413 vita:
2961 3360 3182 3415 casibus
3210 3358 3538 3414 subductus.

1957 3450 2132 3505 Porro
2165 3465 2291 3504 eum
2342 3448 2600 3504 Ecclesiae
2660 3464 2910 3505 normam
2960 3451 3121 3521 vulgo
3178 3451 3539 3519 appellabant.

1957 3540 2100 3595 ldem
2145 3556 2363 3595 summa
2409 3540 2681 3606 libertate,
2715 3552 2824 3595 tam
2856 3542 2910 3595 in
2944 3543 3247 3608 sentiendo,
3286 3558 3449 3611 quam
3487 3542 3542 3595 in

1957 3631 2254 3702 loquendo,
2287 3648 2414 3701 erga
2457 3643 2648 3689 omnes
2688 3650 2755 3688 ex
2785 3650 2945 3704 arquo
2977 3636 3251 3690 utebatur.
3297 3638 3544 3703 Cumque

1956 3724 2253 3793 aliquando
2322 3726 2566 3796 synodus
2611 3725 2996 3795 episcoporum
3057 3727 3430 3788 convenisset,
3488 3735 3543 3779 et

1958 3815 2186 3869 Eusebia
2217 3816 2463 3884 Angusta
2498 3832 2639 3869 uxor
2672 3817 2807 3884 imp.
2844 3815 3154 3870 Constantii
3212 3816 3354 3871 fastu
3399 3818 3539 3870 elata

1957 3907 2027 3962 ab
2058 3908 2336 3961 universis
2367 3907 2643 3978 episcopis
2667 3907 3020 3971 salutaretur,
3050 3908 3203 3961 solus
3236 3907 3322 3960 hic
3352 3908 3542 3978 Augu-

1956 4012 2097 4056 stam
2144 4002 2300 4070 parvi
2342 4001 2608 4069 pendens,
2640 4002 2785 4055 domi
2822 4004 3044 4054 mansit.
3094 3999 3151 4054 ld
3183 4000 3385 4054 factum
3429 4004 3541 4052 Au-

1954 4101 2115 4163 gusta
2143 4109 2285 4161 aegre
2315 4091 2496 4147 ferens
2516 4130 2532 4156 ,
2562 4100 2617 4145 et
2655 4094 2735 4145 ira
2763 4093 3200 4156 excandescens,
3236 4091 3532 4160 quemdam

1956 4198 2022 4236 cx
2054 4181 2319 4236 ministris
2347 4181 2464 4236 suis
2491 4181 2556 4235 ad
2588 4196 2712 4236 eum
2740 4183 2912 4245 misit,
2947 4183 3142 4251 partim
3174 4198 3540 4247 conquerens.

1954 4270 2153 4339 partim
2180 4269 2461 4324 blanditiis
2495 4278 2551 4323 et
2579 4270 3078 4339 pollicitationibus
3110 4289 3233 4326 eum
3273 4274 3540 4326 demereri

1956 4363 2204 4417 studens.
2228 4360 2520 4416 Maximam
2549 4363 2665 4428 tibi,
2690 4365 2890 4428 aiebat,
2920 4365 3213 4421 ecclesiam
3240 4364 3539 4427 aediﬁcabo,

1955 4461 2010 4509 et
2048 4454 2309 4524 pecunias
2337 4456 2564 4524 insuper
2593 4456 2816 4526 largiar,
2844 4458 2891 4513 si
2918 4459 2984 4511 ad
3019 4474 3106 4513 me
3134 4460 3413 4513 visendam
3451 4474 3543 4513 ac-

1957 4544 2209 4600 cesseris.
2234 4544 2446 4611 Quibus
2468 4543 2732 4600 Leontius
2758 4547 2828 4601 ita
2853 4547 3158 4616 respondit:
3193 4548 3397 4600 l-lorum
3423 4561 3543 4615 qua:

1963 4637 2097 4692 mihi
2128 4638 2424 4707 promittis,
2458 4637 2726 4708 Augusta,
2759 4639 2804 4692 si
2839 4639 3123 4709 quidpiam
3156 4638 3415 4706 perlicere
3446 4653 3542 4689 vo-

1961 4729 2155 4792 lueris,
2196 4730 2340 4785 scias
2377 4729 2537 4783 velim
2581 4730 2727 4799 quod
2760 4729 2959 4783 animae
3004 4738 3110 4782 tute
3158 4728 3338 4795 potius
3377 4741 3542 4795 quam

1963 4818 2099 4875 mihi
2144 4819 2559 4887 gratificaberis.
2610 4818 2766 4885 Quod
2797 4819 2843 4871 si
2876 4833 2963 4872 me
2995 4819 3063 4872 ad
3096 4824 3147 4870 te
3193 4817 3540 4870 salutandam

1962 4911 2119 4980 cupis
2142 4911 2424 4975 accedere,
2451 4909 2706 4985 accedam
2730 4907 2974 4977 quidem,
3002 4906 3303 4962 dummodo
3329 4920 3390 4960 ea
3424 4920 3546 4975 quae

1961 5001 2232 5071 episcopis
2262 5000 2511 5064 debetur,
2554 5008 2804 5055 servetur
2855 4998 3190 5060 reverentia,
3246 4998 3318 5053 ita
3355 5005 3415 5052 ut
3460 5000 3544 5050 iu-

1963 5093 2181 5163 grediar
2206 5093 2428 5163 quidem
2459 5107 2581 5162 ego,
2620 5103 2677 5147 tu
2714 5106 2844 5146 vero
2870 5094 3056 5147 statim
3086 5108 3117 5147 e
3146 5092 3369 5146 sublimi
3400 5090 3541 5145 soLo

1963 5186 2323 5248 descendens,
2362 5184 2666 5238 verecunde
2708 5183 2842 5237 mihi
2877 5197 3159 5242 occurras,
3197 5192 3251 5234 et
3288 5180 3541 5233 timnihus

1964 5277 2101 5330 meis
2132 5289 2294 5347 caput
2340 5284 2493 5330 tuum
2534 5275 2848 5339 submittas,
2903 5274 3334 5329 benedictionem
3379 5288 3409 5326 ιι
3457 5287 3542 5326 me

1963 5371 2270 5439 postulans.
2315 5368 2520 5424 Deinde
2550 5378 2608 5423 ut
2642 5370 2859 5424 sedeam
2891 5368 3109 5437 quidem
3156 5383 3284 5437 ego;
3324 5376 3381 5422 tu
3413 5381 3541 5420 vero

1963 5472 2074 5517 stes
2118 5477 2240 5515 eum
2290 5461 2627 5527 reverentia;
2681 5471 2968 5536 postquam
3015 5460 3234 5529 jusscro
3293 5475 3538 5525 sessura,

1501 5632 1744 5677 VALESII
1783 5632 2283 5678 ANNOTATIONES.

348 5770 486 5847 (2|)__
508 5770 611 5825 Ἐν
630 5769 703 5847 τῇ
720 5770 916 5847 ,ϐίϐλῳ
936 5770 1069 5847 ἀντί
1094 5771 1219 5847 τοῦ.
1248 5770 1605 5847 Scribcndum
1633 5773 1843 5830 videtur

1965 5776 2030 5847 τῇ
2064 5772 2107 5839 ζ’
2138 5773 2305 5845 βίϐλῳ
2334 5773 2519 5843 αὑτοῦ,
2569 5784 2673 5833 etc.
2706 5774 2842 5832 Nam
2909 5774 3311 5845 Philostorgius
3377 5766 3540 5836 hujus

279 5840 488 5898 Leontii
523 5842 856 5897 mentionem
891 5842 1015 5897 facit
1044 5843 1099 5895 in
1132 5843 1223 5897 lib.
1259 5857 1356 5909 vn,
1386 5858 1505 5913 cap.
1540 5846 1594 5897 6.
