4026 6342
494 411 602 470 335

1658 410 2135 469 PHILOSTOllGll
2175 412 2616 471 FRAGMENTA.

3632 405 3735 466 650

487 521 580 576 ubi
611 520 825 592 signum
867 519 967 574 tibi
995 519 1219 578 dedero.
1261 519 1320 574 Si
1351 521 1574 591 quidem
1625 520 1680 577 id
1707 522 1957 593 elegeris,
1991 525 2058 579 ad

2167 525 2381 596 θεσμόν.
2437 526 2622 579 Ταῦτα
2657 526 2734 590 ὡς
2775 526 3130 599 ἀπηγγέλθη,
3177 526 3597 598 ἀναπίμπραται
3637 525 3739 598 τὴν

483 623 535 670 te
564 613 840 670 accedam.
875 612 972 668 Sin
1006 613 1188 679 aliter,
1218 630 1499 684 nunquam
1534 621 1614 670 tot
1643 630 1708 671 ac
1742 624 1892 672 tanta
1922 617 2055 672 mihi

481 705 688 759 donare
715 706 944 775 poteris,
971 712 1032 760 ut
1061 720 1164 776 ego
1198 706 1266 761 de
1298 706 1506 761 honore
1535 706 1627 777 qui
1657 708 1933 779 episcOpis
1963 709 2059 765 de-

484 800 660 860 betur,
704 797 911 868 aliquid
958 799 1264 862 remittens,
1320 797 1537 853 divinas
1570 800 1863 855 sacerdotii
1913 801 2058 872 leges

483 887 686 942 violare
715 904 957 958 unquam
986 888 1171 944 velim.
1225 886 1351 942 Haec
1381 887 1468 942 ubi
1501 888 1751 949 nuntiata
1785 900 1938 955 sunt,
1971 907 2060 947 re-

484 978 614 1048 gina
658 978 859 1032 mirum
911 979 965 1033 in
1009 979 1232 1033 modum
1260 979 1568 1046 excanduit,
1614 979 1923 1048 huiusmodi
1970 998 2058 1037 re-

484 1084 749 1139 sponsum
779 1070 883 1125 sibi
926 1086 954 1123 a
994 1069 1223 1125 Leontio
1258 1070 1442 1125 aﬂ‘erri
1498 1071 1919 1143 haudquaquam
1960 1089 2060 1144 pa-

485 1161 679 1215 tienter
702 1162 1002 1217 sustinens.
1037 1161 1284 1231 Cumque
1329 1161 1560 1216 multum
1593 1163 1966 1229 intumuisset,
2003 1174 2060 1219 et

485 1268 812 1323 magnopere
843 1264 1115 1309 coznmota
1164 1262 1312 1308 esset
1363 1254 1569 1315 animo.
1604 1267 1657 1310 et
1697 1271 1796 1326 pro
1844 1256 2061 1311 levitate

484 1354 648 1413 alque
680 1345 1011 1414 impatientia
1053 1345 1304 1401 muliebri
1352 1345 1530 1401 minas
1560 1348 1905 1408 intentasset.
1943 1364 2057 1403 rem

487 1434 553 1489 ad
601 1436 855 1490 maritum
903 1437 1106 1500 retulit,
1164 1437 1426 1491 ultionem
1478 1436 1749 1506 ﬂagitans.
1799 1436 1899 1493 Hic
1926 1453 2059 1493 vero

483 1526 809 1581 laudandam
859 1530 1042 1598 potius
1075 1543 1197 1582 esse
1230 1526 1385 1581 duxit
1418 1526 1474 1580 in
1525 1525 1753 1582 Leontio
1787 1528 1955 1583 animi
1990 1529 2058 1582 li-

482 1617 750 1672 bertatem
775 1659 789 1681 ,
827 1629 883 1673 ct
922 1618 1109 1673 uxoris
1156 1619 1291 1672 iram
1336 1617 1564 1683 sedavit,
1596 1634 1828 1690 eamque
1863 1621 1930 1675 ad
1965 1635 2063 1675 cu-

482 1709 720 1764 biculum
754 1727 915 1767 suum
950 1712 1180 1766 remisit.
1213 1709 1462 1777 Quodam
1495 1710 1622 1765 item
1657 1721 1902 1782 tempore
1929 1713 2058 1767 dttm

479 1799 837 1859 Constantius
870 1804 1250 1873 episcoporum
1301 1802 1467 1858 coetui
1503 1803 1840 1872 pra‘sideret,
1872 1814 1926 1858 et
1952 1803 2058 1860 Ec-

2160 617 2408 688 γνώμην,
2435 619 2535 672 ούκ
2562 619 2854 689 ἀνασχετὸν
2882 619 3158 691 ἡγουμένη
3188 618 3327 689 πρὸς
3352 618 3609 672 Λεοντίου
3631 634 3739 673 τοι·

2159 709 2350 774 ούτους
2377 709 2629 777 δέξασθαι
2671 710 2882 780 λόγους.
2922 711 3031 765 Καὶ
3072 710 3240 765 πολλὰ
3288 710 3604 781 διοιδησασα
3643 711 3743 765 καὶ

2160 800 2538 873 παθηναμένη,
2563 801 2657 855 καὶ
2683 802 2847 855 πολλὰ
2878 803 2941 855 ὲκ
2974 800 3287 870 γυναικείας
3312 800 3607 872 ἀκραχόλου
3642 802 3742 856 καὶ

2160 892 2369 963 κούφης
2410 892 2750 964 ἀπειλήσασα
2799 893 3058 958 διανοίας,
3104 894 3198 947 καὶ
3247 892 3433 965 τάνδρὶ
3476 892 3741 963 διηγησα-

2164 984 2323 1055 μένη,
2359 984 2494 1055 πρὸς
2520 986 2788 1055 τιμωρίαν
2819 984 3061 1056 ἐξώρμα.
3109 985 3166 1039 ’0
3196 983 3252 1039 δὲ
3277 984 3478 1056 μᾶλλον
3507 984 3740 1056 ἐπῄνεσε

2158 1074 2257 1144 τὴν
2286 1074 2597 1146 ἐλευθερίαν
2627 1076 2726 1147 τῆς
2759 1076 3005 1148 γνώμης,
3040 1077 3136 1130 καὶ
3177 1077 3278 1146 τὴν
3315 1078 3549 1145 γυναῖκα
3593 1091 3740 1146 παρ-

2160 1165 2356 1235 ήνεγκε
2376 1166 2477 1236 τῆς
2508 1166 2698 1237 ὀργῆς,
2722 1169 2816 1221 καὶ
2837 1168 3156 1239 ἀποπέμπει
3187 1170 3266 1231 είς
3296 1168 3396 1240 τὴν
3413 1169 3736 1236 γυναικωνῖ-

2158 1273 2263 1309 τιν.
2303 1257 2410 1311 Καί
2448 1275 2580 1312 ποτε
2629 1259 2832 1330 μεταξὺ
2872 1261 3292 1332 προκαθημένου
3334 1258 3429 1312 τοῦ
3478 1259 3741 1330 βασιλέως

2159 1347 2539 1402 Κωνσταντίου
2566 1350 2675 1404 τῶν
2701 1351 3039 1415 ἐπισκόπων,
3068 1352 3161 1406 καὶ
3196 1352 3385 1424 ἄρχειν
3412 1351 3521 1405 τῶν
3541 1350 3743 1419 ἐκκλη-

2161 1437 2293 1493 σιῶν
2325 1438 2620 1508 ὲθέλοντος,
2643 1443 2693 1495 oi
2719 1443 2817 1513 μὲν
2842 1443 3159 1506 πολλοὶ,πᾶν
3183 1445 3211 1497 ὃ
3239 1461 3292 1497 τι
3317 1444 3558 1514 φήσειεν.
3581 1442 3743 1512 ἐκρό-

2159 1550 2284 1587 τουν
2317 1534 2412 1586 καὶ
2456 1534 2784 1605 ἐθαύμαζον,
2820 1535 3016 1607 ἄριστα
3057 1535 3308 1607 εἰρῆσθαι
3341 1534 3697 1606 διοριζόμενοι
3721 1547 3737 1561 ³

2157 1627 2186 1678 6
2213 1625 2270 1679 δὲ
2303 1625 2533 1682 ἐσιώπα.
2569 1627 2658 1690 Ὠς
2689 1627 2745 1680 δὲ
2771 1628 2935 1700 ἤρετο
2964 1626 3127 1681 αὑτὸν
3154 1629 3183 1681 6
3209 1626 3482 1696 βασιλεὺς.
3513 1625 3580 1678 Τί
3612 1642 3742 1678 σιω-

2160 1718 2270 1787 πᾷς
2298 1717 2455 1788 μόνος
2485 1718 2594 1772 τῶν
2620 1718 2902 1784 indu/mw;
2919 1717 3226 1791 ’Θαυμάζω,
3252 1718 3381 1789 ἐφη.
3406 1716 3556 1778 ὅπως
3577 1715 3742 1785 ἕτερα

2160 1808 2366 1863 διέπειν
2380 1810 2620 1880 ταχθεὶς,
2635 1811 2842 1882 ἑτέροις
2865 1812 3183 1884 ἐπιχειρεῖς.
3210 1807 3615 1882 στρατιωτικῶν
3642 1809 3742 1878 μὲν

480 1892 675 1948 clesias
733 1909 833 1962 pro
884 1895 1151 1947 arbitratu
1201 1908 1303 1947 suo
1355 1908 1542 1962 regere
1599 1895 1808 1948 vellet:
1847 1895 2061 1951 eunetis

2167 1899 2259 1953 καὶ
2292 1899 2586 1954 πολιτικῶν
2628 1901 2972 1973 πραγμάτων
3006 1899 3382 1973 προεστηκὼς,
3418 1898 3742 1960 ἐπισκόποις

482 1986 590 2038 ver'.
614 2001 642 2038 a
668 1985 1017 2055 imperatoris
1049 2001 1173 2040 cum
1214 1986 1406 2052 plausu
1441 1996 1495 2040 et
1522 1986 1882 2041 admiratione
1907 1988 2057 2043 exci-

482 2074 786 2142 pientibus;
821 2091 875 2129 et
902 2086 1045 2130 recte
1068 2086 1259 2130 cuneta
1293 2078 1362 2131 ab
1388 2092 1453 2130 eo
1477 2077 1620 2131 dicta
1645 2092 1764 2131 esse
1788 2077 2058 2133 afﬁrman-

483 2164 648 2224 tibus.
684 2166 834 2220 solus
878 2165 1141 2221 Leontius
1179 2167 1466 2222 conticuit.
1506 2166 1573 2222 Et
1607 2183 1731 2222 cum
1763 2168 2057 2239 imperator

483 2268 602 2307 eum
633 2255 1044 2326 interrogasset,
1081 2272 1247 2326 quam
1293 2257 1364 2313 ob
1394 2272 1618 2314 causam
1651 2259 1801 2313 solus
1833 2275 1900 2313 ex
1936 2274 2056 2314 om-

2161 1987 2218 2041 δὲ
2257 1991 2386 2062 περὶ
2423 1990 2532 2045 τῶν
2559 1994 2639 2056 είς
2672 1994 2864 2064 μόνους
2897 1992 3228 2057 ἐπισκόπους
3257 1992 3497 2062 ἡκόντων
3525 1990 3743 2044 διατατ-

2161 2079 2410 2151 τόμενος.
2444 2083 2549 2136 Τὸν
2595 2083 2651 2136 δὲ
2698 2083 2920 2155 βασιλέα
2972 2082 3389 2138 καταιδεσθέντα
3427 2078 3741 2135 παύσασθαι

2162 2172 2262 2243 τῆς
2294 2175 2352 2226 ὲν
2384 2176 2498 2238 τοῖς
2530 2177 2793 2240 τοιούτοις
2826 2178 2925 2249 ἤδη
2954 2176 3364 2238 διακελεύσεως.
3394 2172 3643 2236 Τοιοῦτος
3674 2167 3741 2242 ἦν

2161 2264 2190 2316 6
2222 2264 2473 2329 Λεόντιος
2501 2265 2826 2340 ἐλευθέριος.

481 2350 640 2405 nibus
677 2351 881 2417 sileret,
912 2352 1192 2423 respondit
1220 2351 1483 2410 Leontius
1512 2371 1525 2408 :
1557 2353 1746 2421 Miror,
1786 2355 1983 2426 inquit,
2018 2364 2069 2411 te
2106 2358 2200 2427 qui
2227 2359 2349 2416 aliis
2386 2361 2550 2416 rebus
2606 2360 3057 2417 administrandis
3089 2359 3413 2432 praepositus
3463 2358 3563 2423 sis,
3608 2358 3739 2415 alias

481 2447 743 2516 regendas
771 2447 1050 2518 suscipere
1079 2468 1091 2504 :
1124 2458 1326 2506 etcum
1368 2451 1683 2507 militarium
1717 2468 1780 2509 ac
1805 2453 2049 2508 civilium
2089 2458 2431 2524 negotiorum
2464 2459 2561 2513 tibi
2593 2460 2845 2514 mandata
2897 2459 2970 2514 sit
3026 2474 3180 2523 cura,
3220 2457 3492 2529 episcopis
3565 2465 3738 2509 tamen

480 2544 772 2613 praecipere
813 2545 880 2599 de
920 2546 1084 2602 rebus
1145 2563 1268 2617 qua:
1306 2547 1371 2611 ad
1414 2547 1564 2603 solos
1627 2551 1915 2620 episcopos
1977 2552 2267 2619 pertinent.
2344 2555 2555 2622 Quibus
2604 2557 2824 2623 auditis,
2873 2555 3227 2612 Constantius
3281 2552 3610 2609 verecundia
3679 2566 3747 2605 ac

481 2632 683 2700 pudore
715 2633 978 2699 sull‘nsus,
1012 2633 1066 2688 in
1102 2635 1371 2704 ejusmodi
1404 2637 1636 2706 negotiis
1667 2638 1920 2708 deinceps
1948 2654 2046 2708 pro
2086 2641 2316 2712 imperio
2352 2660 2513 2717 agere
2539 2661 2604 2700 ac
2624 2646 2816 2717 jubere
2850 2646 3082 2702 destitit.
3128 2644 3302 2701 Tanta
3352 2646 3407 2701 in
3470 2642 3740 2716 loquendo

480 2724 726 2778 libertate
759 2726 1018 2794 praeditus
1047 2724 1150 2780 fuit
1178 2725 1438 2782 Leontius
1478 2726 1614 2798 (22).

1586 2839 1720 2897 Item
1750 2860 1815 2899 ex
1852 2842 2021 2899 Suida
2053 2847 2108 2902 in
2139 2863 2274 2905 voce
2308 2850 2638 2922 Δημόφιλος.

550 2972 905 3043 Demophilus
946 2973 1591 3046 Constantinopolitanus
1628 2978 1940 3050 episcopus,
1974 2980 2057 3035 vir

2228 2964 2537 3036 Δημόφιλος
2584 2965 2885 3030 ἐπίσκοπος
2930 2965 3339 3020 Κωνσταντίνου
3376 2967 3604 3030 πόλεως,
3632 2961 3742 3028 οἶος

479 3081 671 3121 tusano
687 3068 919 3134 quodam
946 3068 1147 3137 impetu
1167 3079 1363 3124 cuncta
1383 3069 1546 3125 simul
1567 3070 1797 3124 miseere
1819 3072 2015 3127 solitus
2042 3091 2056 3128 :

2167 3060 2414 3131 ἐμπεσὼν
2439 3060 2576 3131 ὁμοῦ
2620 3060 2912 3131 σύμπαντα
2949 3061 3142 3133 φύρειν
3175 3060 3287 3131 (25)
3318 3061 3544 3131 ἀκόσμῳ
3579 3062 3743 3131 φορᾷ,

481 3165 534 3211 et
574 3156 665 3226 qui
704 3157 878 3211 instar
920 3158 1092 3226 rapidi
1141 3159 1376 3228 vagique
1424 3160 1701 3224 torrentis,
1761 3160 2056 3229 plurimum

2167 3152 2410 3226 καθάπερ
2439 3153 2673 3218 ἄτακτος
2692 3156 3048 3227 χειμάρῤους,
3081 3155 3202 3209 ὅλον
3230 3156 3287 3208 ὲν
3308 3156 3423 3217 τοῖς
3449 3153 3630 3222 λόγοις
3654 3154 3744 3206 τὸν

482 3247 582 3299 ιιιιὶ
616 3262 680 3300 ae
707 3247 950 3301 sordium
986 3248 1037 3301 in
1078 3249 1425 3304 sermonibus
1455 3250 1572 3305 suis
1602 3252 1970 3317 eonvolveret,
2002 3263 2063 3306 ut

2167 3245 2426 3315 συρφετὸν
2465 3245 2636 3315 ἄγων,
2669 3246 2745 3310 ὡς
2777 3247 2982 3301 εἴσεταί
3025 3263 3110 3310 τις
3149 3248 3215 3299 ὲκ
3247 3244 3471 3317 πρώτης
3510 3248 3569 3299 ἐν
3614 3244 3745 3313 γοῦν

482 3338 664 3407 quivis
711 3338 868 3393 facile
897 3340 1264 3408 deprehendet
1295 3357 1360 3395 ex
1394 3342 1568 3411 prima
1600 3342 1867 3396 concione
1895 3358 2059 3411 quam

2167 3340 2276 3401 τοῖς
2318 3337 2398 3391 ἔτι
2446 3338 2777 3409 σωζομένοις
2817 3340 3201 3411 ὑπομνήμασιν
3247 3338 3412 3392 αὑτοῦ
3459 3338 3746 3406 γεγονυίας

483 3430 675 3485 habuit
718 3430 1218 3502 Constantinopoli.
1268 3432 1388 3499 Qua
1436 3434 1655 3504 quidem
1707 3436 1762 3487 in
1800 3436 2063 3489 concione

483 3520 784 3575 verisimile
840 3530 1074 3576 esteum
1118 3525 1512 3577 accuratiorem
1548 3540 1613 3577 ae
1662 3524 2062 3594 diligentiorem

484 3612 652 3667 fuisse
684 3630 698 3667 :
728 3614 928 3683 quippe
954 3630 1076 3668 cum
1117 3614 1431 3683 hujusmudi
1466 3632 1750 3672 sermones
1778 3618 1953 3689 excipi
1981 3635 2067 3673 so-

483 3707 633 3759 leant
666 3722 696 3760 a
737 3707 990 3760 notariis.
1046 3707 1203 3761 Certe
1249 3706 1304 3760 in
1344 3707 1464 3777 ejus
1509 3706 1936 3766 Commentariis
1971 3712 2065 3781 qui

482 3800 779 3851 etiamnum
812 3806 1127 3867 supersunt,
1164 3798 1334 3853 multa
1366 3800 1587 3855 disserit
1617 3800 1847 3856 coul‘usa
1897 3812 2062 3873 atque

484 3888 823 3950 indistincta,
871 3898 927 3944 et
960 3890 1027 3943 de
1057 3888 1219 3944 Patre
1256 3904 1322 3945 ac
1364 3888 1503 3944 Filio
1548 3891 1800 3961 loquens,
1848 3893 2067 3950 diSrrliS

486 3983 667 4039 verbis
698 3983 771 4037 ita
799 3983 1137 4052 pronuntiat.
1169 3982 1344 4039 Filius
1371 3984 1546 4039 solius
1576 3984 1756 4041 Patris
1789 3988 2070 4043 voluntate

485 4074 704 4142 genitus
731 4085 838 4142 est,
871 4076 990 4131 sine
1020 4087 1266 4147 tempore
1310 4091 1375 4130 ac
1400 4077 1519 4131 sine
1552 4078 1764 4144 melio,
1807 4086 1869 4133 ut
1892 4080 2072 4149 jusso—

488 4179 609 4218 rum
643 4166 827 4221 Patris
862 4167 1114 4224 minister
1144 4169 1217 4224 sit
1240 4178 1293 4223 et
1321 4166 1581 4224 famulus.
1611 4166 1745 4223 Natu
1778 4187 1902 4225 cum
1932 4187 2070 4239 prae-

486 4257 699 4311 videret
746 4261 908 4324 Deus,
962 4275 1028 4315 ea
1077 4276 1203 4329 quae
1250 4261 1499 4319 facturus
1548 4272 1687 4326 erat,
1744 4279 1851 4318 non
1908 4279 2071 4333 posse

487 4346 812 4413 consistere,
846 4348 1048 4417 quippe
1087 4366 1210 4420 qua:
1244 4354 1368 4421 puri
1408 4363 1574 4424 atque
1621 4354 1949 4424 impermisti
1985 4371 2071 4410 or-

487 4436 633 4493 dinis
675 4438 859 4492 futura
893 4450 1099 4507 essent,
1145 4444 1373 4511 perinde
1398 4462 1464 4501 ac
1505 4445 1651 4502 Deus
1694 4448 1789 4516 qui
1820 4448 1935 4517 ipsa
1986 4448 2068 4503 fe-

2160 3429 2524 3501 δημηγορίας,
2556 3430 2687 3484 ἔνθα
2707 3433 2803 3485 καὶ
2832 3432 3032 3502 μᾶλλον
3059 3431 3208 3494 είκὸς
3234 3427 3302 3501 ἦν
3335 3429 3632 3499 ἀσφαλείας
3653 3430 3745 3483 αὺ-

2162 3519 2254 3574 τὸν
2293 3519 2550 3589 φροντίδα
2584 3519 2774 3575 θέσθαι
2806 3521 2949 3587 τινὰ,
2990 3520 3067 3586 ὡς
3104 3522 3404 3592 ἐγγράφοις
3428 3518 3748 3588 ἀναλαμϐα-

2164 3610 2407 3681 νομένων
2451 3611 2563 3666 τῶν
2602 3612 2934 3684 λεγομένων.
2977 3615 3065 3667 Ἐν
3112 3613 3321 3676 τούτοις
3352 3611 3484 3680 γοῦν
3521 3611 3656 3665 ἄλλα
3692 3628 3748 3663 τε

2166 3704 2337 3757 πολλὰ
2360 3705 2652 3759 διείλεκται
2680 3704 2945 3776 ἄναρθρα,
2978 3705 3275 3776 διαρρήδην
3311 3722 3370 3756 τε
3396 3706 3452 3756 ἐν
3479 3705 3592 3763 τοῖς
3623 3705 3748 3773 περὶ

2167 3796 2381 3868 Πατρὸς
2411 3798 2505 3850 καὶ
2535 3795 2667 3849 Υἰοῦ
2692 3796 2890 3865 λόγοις.
2915 3796 3053 3866 Φησὶ
3082 3796 3212 3867 γὰρ,
3241 3795 3370 3858 Υἱὸς
3408 3796 3508 3865 μὲν
3539 3796 3750 3866 Ila-:96;

2169 3888 2385 3960 θελήσει
2426 3888 2749 3960 γεγέννηται
2792 3890 2978 3959 μόνου,
3026 3890 3291 3961 ἀχρόνως,
3340 3887 3750 3959 ἁμεσιτεύτως·

2169 3982 2259 4036 ἵνα
2289 3981 2534 4046 διάκονος
2564 3981 2788 4052 γένηται
2815 3982 2911 4035 καὶ
2950 3982 3232 4053 ὑπηρέτης
3273 3980 3632 4052 βουλημάτων
3660 3979 3751 4032 τοῦ

2168 4075 2401 4146 Πατρός.
2473 4072 2688 4145 Ἐπειδὴ
2734 4073 2844 4144 γὰρ
2875 4076 2904 4128 6
2964 4071 3356 4146 προγινώσκων
3409 4072 3539 4135 Θεὸς
3593 4072 3678 4123 ὅτι
3722 4069 3752 4123 ὃ

2170 4166 2361 4237 ἔμελλε
2392 4167 2672 4238 πράττειν,
2706 4165 2944 4220 ἀδύνατα
2979 4162 3046 4237 ἦν
3087 4165 3187 4236 τῆς
3215 4166 3525 4236 ἁκρατήτου
3550 4163 3754 4228 τάξεως

2169 4258 2265 4312 τοῦ
2302 4258 2589 4330 μέλλοντος
2618 4259 2758 4312 αὐτὰ
2782 4260 2954 4312 ποιεῖν
2982 4256 3115 4310 Θεοῦ
3142 4259 3199 4309 ὲν
3228 4254 3306 4326 τῷ
3345 4255 3597 4324 γενέσθαι
3628 4254 3751 4324 μὲλ-

2170 4349 2332 4403 λοντα
2351 4367 2365 4381 ·
2394 4351 2428 4422 ἢ
2475 4350 2585 4423 γὰρ
2614 4350 2722 4404 ἔδει
2769 4349 2907 4404 αύτᾶ
2944 4351 3121 4404 πάντα
3159 4349 3314 4411 θεοὺς
3334 4347 3590 4417 γενέσθαι
3618 4346 3754 4417 πρὸς

2171 4442 2330 4506 ἀξίαν
2384 4441 2479 4495 τοῦ
2513 4442 2813 4507 ποιοῦντος,
2859 4442 2955 4496 καὶ
2998 4444 3062 4496 ἐκ
3105 4442 3308 4495 τούτων
3357 4440 3581 4512 ἔμελλον
3614 4436 3755 4492 εἶν.ι

488 4541 660 4585 eerat.
693 4528 828 4585 Nam
863 4547 1091 4602 prorsus
1127 4548 1350 4590 necesse
1382 4545 1518 4601 erat,
1550 4546 1609 4591 ut
1641 4539 1724 4592 vel
1771 4540 1956 4595 omnia
1992 4539 2063 4594 dii

2174 4531 2316 4586 Osoi'
2352 4532 2384 4604 ἥ
2416 4532 2522 4586 ἔδει
2551 4532 2691 4585 αὐτὰ
2714 4536 2985 4603 γενόμενα
3021 4532 3131 4604 ςὲό)
3161 4531 3406 4592 λύεσθαι,
3441 4529 3631 4600 ὥσπερ
3659 4548 3761 4602 κη-

485 4630 676 4677 essent
714 4621 869 4690 juxta
913 4621 1235 4693 dignitatem
1279 4624 1399 4694 ejus
1441 4626 1534 4694 qui
1582 4627 1673 4680 illa
1702 4628 2063 4685 condiderat:

483 4728 551 4766 cx
585 4727 696 4781 quo
730 4724 1054 4769 uenturum
1089 4724 1207 4770 erat
1251 4724 1311 4769 ut
1360 4715 1545 4785 plures
1591 4716 1666 4771 dii
1715 4727 1921 4773 essent.
1971 4717 2067 4774 Vel

482 4814 634 4859 certe
670 4821 892 4863 necesse
927 4816 1068 4875 erat,
1099 4824 1157 4863 ut
1183 4817 1473 4879 postquam
1509 4807 1651 4864 facta
1681 4808 1922 4875 fuerant,
1951 4819 2065 4866 sta-

486 4898 583 4950 tim
627 4899 1080 4966 dissolverentur,
1127 4901 1354 4971 perinde
1394 4916 1458 4957 ae
1506 4917 1629 4958 cera
1678 4902 2066 4959 ardentissimo

486 4990 599 5059 igni
639 4993 878 5047 admota.
930 4991 1138 5049 Idcirco
1182 4993 1354 5049 Filius
1408 4994 1623 5049 medius
1664 4993 1876 5049 exstitit
1928 4992 2067 5047 inter

487 5095 771 5137 creaturas
801 5098 925 5153 qua:
950 5085 1248 5140 condendae
1281 5095 1459 5148 erant,
1491 5097 1546 5140 et
1582 5086 1724 5140 inter
1753 5083 1971 5139 Patrem
1999 5099 2064 5137 ex

446 5188 453 5191 '
488 5197 598 5251 qtto
632 5182 848 5252 genitus
877 5190 979 5244 ist,
1017 5190 1076 5235 ut
1105 5181 1151 5235 is
1181 5197 1302 5237 sese
1330 5182 1643 5246 demittens,
1671 5196 1839 5251 seque
1877 5196 1908 5235 a
1932 5181 2069 5250 Ijun-

2178 4626 2268 4698 ρὸν
2304 4624 2439 4696 πυρὶ
2473 4621 2662 4694 θερμῷ
2691 4624 3119 4695 προσαγόμενον.
3151 4624 3347 4692 Γέγονε
3384 4624 3484 4693 μὲν
3523 4618 3616 4676 οὖν
3663 4639 3762 4692 με-

2176 4719 2330 4788 σίτης
2358 4717 2467 4770 τῶν
2501 4733 2559 4771 τε
2587 4716 2885 4786 ἐσομένων,
2916 4717 3012 4769 καὶ
3046 4715 3141 4769 τοῦ
3174 4715 3566 4785 γεγεννηκότος
3598 4715 3762 4768 αὑτὸν

2173 4808 2335 4873 Θεοῦ,
2358 4810 2387 4862 6
2423 4806 2571 4871 Υἱὸς,
2604 4807 2691 4860 ἵνα
2734 4805 3001 4871 συντάξας
3035 4807 3228 4860 ἑαυτὸν
3263 4805 3359 4860 κα)⁸
3389 4805 3760 4875 συγκαταϐαί-

2173 4918 2280 4955 νων
2311 4903 2422 4964 τοῖς
2441 4900 2767 4971 γινομένοις,
2790 4898 3135 4953 ἁποτελέσειε
3162 4898 3223 4953 τὺ
3251 4898 3500 4970 βούλημα
3521 4897 3615 4952 τοῦ
3651 4898 3758 4952 Πα-

2170 4992 2320 5064 τρὸς,
2352 4992 2446 5046 atati
2495 4992 2723 5063 μεσίτης
2755 4990 2978 5061 γένηται
3015 4990 3111 5044 τοῦ
3157 4990 3292 5044 Θεοῦ
3328 4991 3423 5044 καὶ
3465 4989 3623 5062 ἡμῶν
3650 4989 3770 5043 τῶν

2170 5085 2238 5138 δι’
2272 5084 2438 5139 αὑτοῦ
2487 5084 2815 5155 γενομένων.
2863 5082 3153 5138 Ἐλόινθανε
3194 5083 3250 5137 δὲ
3291 5083 3377 5136 διὰ
3416 5083 3621 5137 τούτων
3668 5085 3772 5139 τοῦ

2173 5176 2308 5230 Θεοῦ
2344 5177 2452 5231 τῶν
2481 5176 2618 5231 ὅλων
2660 5174 2945 5231 ἀσθένειαν
2974 5177 3069 5230 καὶ
3105 5174 3406 5247 βασκανίαν
3435 5174 3763 5243 κατασξευὸὀ-

1736 5354 1982 5399 YALESII
2022 5351 2520 5399 ANNOTATIONES.

562 5480 678 5552 (22)
717 5482 853 5538 Vide
884 5480 1334 5549 Philostorgium,
1372 5482 1463 5535 lilt.
1493 5498 1589 5552 vtt.

564 5549 678 5623 (25)
729 5552 903 5623 Ὀμοῦ
945 5554 1270 5622 σύμπαντα
1304 5555 1535 5623 φύρειν.
1574 5551 1672 5605 Hie
1717 5549 2071 5623 Philostorgii

495 5616 667 5702 locus:
688 5625 756 5680 de
781 5616 1131 5702 'Denmphilo
1157 5616 1414 5702 episeopo
1442 5616 2071 5702 ConstantinopoliIano.

493 5691 800 5763 descriptus
843 5704 929 5749 est
974 5691 1038 5749 ex
1077 5691 1271 5747 lihftx
1306 5691 1426 5760 ejus
1479 5693 1751 5747 Ilistoriw.
1804 5693 1962 5746 Certe
2020 5692 2074 5744 in

496 5762 770 5835 excerptis
807 5766 1051 5834 ejusdem
1085 5764 1207 5835 lilu-i
1240 5768 1418 5835 capite
1444 5762 1530 5826 14,
1562 5766 1749 5835 ραις-ιιι
1777 5763 1888 5835 fere
1918 5766 2075 5816 verba

500 5832 754 5903 leguntur
784 5832 851 5893 de
879 5834 1218 5905 Detnophilo,
1253 5834 1343 5888 τὶν
1371 5833 1426 5887 δὲ
1458 5834 1766 5905 Δημόφιλον
1796 5832 1988 5905 stipata
2021 5848 2080 5885 τε

2170 5483 2347 5534 πάντα
2395 5480 2489 5532 καὶ
2537 5481 2757 5549 συγχεῖν
2806 5478 3232 5549 ἀκρατέστατον,
3277 5479 3371 5529 καὶ
3414 5474 3650 5545 μάλιστά
3699 5491 3772 5541 γε

2171 5553 2238 5604 τὰ
2262 5538 2691 5618 ἐκκλησιαστικᾶ
2721 5538 2988 5620 δόγματα,
3016 5559 3122 5603 t-tc.

2245 5621 2359 5687 (9.4)
2401 5621 2469 5674 Ἦ
2491 5620 2611 5673 ἔδει
2637 5617 3124 5690 αὺτὰἀνενόμενα.
3153 5617 3389 5690 Primam
3411 5630 3609 5690 τίνοι-ιιι
3630 5628 3774 5690 stip-

2177 5691 2315 5763 plt-vi
2343 5684 2426 5744 ὀι
2453 5693 2789 5763 conjectura.
2821 5684 3001 5747 'Dee'st
3032 5695 3177 5746 enim
3210 5688 3262 5744 in
3301 5688 3534 5758 vu'gatis
3579 5684 3775 5741 δαίσεις

2179 5762 2529 5817 editionibus.
