3996 6340
204 386 313 444 637

1453 402 1511 460 S.
1556 405 1856 466 ATTICUS
1892 408 1997 467 ΟΡ.
2040 410 2255 469 EPISC.

3368 424 3475 481 658

207 507 505 595 pungui.
523 506 616 562 τὸν
634 507 764 566 Υῐδν
784 512 1001 568 πάντων
1020 515 1129 569 τῶν
1145 518 1460 590 κτισμάτων
1482 523 1799 594 ἀποφαίνων

1901 545 2033 600 gens
2061 539 2116 586 et.
2144 533 2362 588 socians
2402 533 2468 591 iis
2501 550 2623 605 quas
2649 540 2881 594 creanda
2919 550 3095 607 erant,
3133 541 3466 596 voluntath

201 590 654 693 xataoséavspov.
699 602 759 656 Ὀ
788 605 887 675 μὲν
906 605 1016 679 γὰρ
1044 609 1277 683 ἀσθενὴς
1305 614 1372 667 ἂν
1399 590 1658 687 ἦνξκαέὰ
1690 624 1796 693 Δη-

204 686 454 778 μόφιξων,
491 692 541 743 εἰ
570 690 873 762 βουληθεὶς,
906 696 1097 752 ἔπειτα
1129 702 1349 772 ἀπόρως
1377 686 1491 778 εἶχε
1514 712 1628 773 τοῖς
1656 686 1792 766 sedat

201 780 263 833 τὸ
311 775 451 836 εἶναι
483 782 866 856 δωρήσασθαι’
895 788 1089 856 φθόνου
1130 792 1176 846 δ’
1205 795 1305 848 οὐκ
1346 775 1661 871 ὰπῆλλακτο
1700 803 1788 868 ἂν,

198 876 250 926 εἰ
299 872 420 938 ἐξὸν
458 875 609 947 αὐτῷ
637 877 792 940 θεοὺς
836 881 904 935 τὰ
941 884 1109 936 τάντα
1152 889 1350 952 ποιεῖν,
1377 891 1406 943 ὁ
1434 891 1490 944 δὲ
1539 894 1790 962 ἐφαίνετο

202 966 603 1058 μηχανώμενος
629 970 776 1033 ὅπως
809 971 884 1043 μὴ
926 974 1131 1046 ταύτης
1160 978 1309 1050 αὐτῷ
1335 982 1474 1056 τύχῃ
1517 985 1584 1037 τὰ
1626 1003 1791 1058 γενη-

200 1057 409 1128 σόμενα
435 1060 534 1131 τῆς
565 1060 744 1127 ἀξίας.
778 1064 884 1116 Τοῦ
906 1065 984 1119 ’δέ
1023 1068 1075 1135 γ’
1108 1064 1176 1122 αὖ
1217 1072 1410 1136 Παιδὸς
1447 1077 1548 1129 οὐκ
1587 1073 1655 1146 ἦν
1683 1078 1792 1133 τῶν

197 1149 523 1218 κτισμάτων
547 1151 720 1215 οὐδὲν,
742 1150 772 1203 ὃ
800 1153 874 1225 μὴ
904 1153 1126 1224 ἄμεινον
1152 1158 1420 1230 ὑπάρχειν
1459 1161 1671 1233 ἐδείχθη
1703 1164 1793 1231 ἂν,

196 1240 363 1310 εἴπερ
392 1257 454 1308 γε
498 1241 573 1313 μὴ
612 1242 678 1296 δι’
709 1245 902 1298 ἑαυτὸν
932 1248 1137 1312 ἐκεῖνος
1174 1248 1329 1320 ἔτυχε
1362 1258 1622 1320 γεγονὼς.
1656 1255 1793 1309 ἀλλὰ

194 1329 288 1384 διὰ
317 1333 519 1386 σκοπὸν
546 1334 642 1387 καὶ
678 1336 866 1406 χρείαν
906 1339 1006 1411 τῆς
1049 1340 1254 1394 τούτων
1284 1344 1571 1411 γενέσεως.
1602 1347 1785 1401 ’Ἄπαν

194 1423 308 1495 γάρ
330 1440 413 1477 τοι
432 1425 494 1478 τὸ
513 1425 580 1479 δι’
599 1428 685 1480 ὲτέ
695 1446 802 1500 ρων
829 1430 1112 1501 γινόμενον
1141 1435 1350 1505 χρείαν,
1369 1436 1588 1491 ἔλαττον
1614 1440 1787 1511 ὑπάρ-

197 1532 317 1583 χειν
347 1517 574 1570 ἐκείνων
621 1520 857 1591 ἀνάγκη,
888 1522 954 1575 δι’
977 1522 1014 1577 ἃ
1057 1525 1151 1577 τοῦ
1190 1522 1331 1579 εἶναι
1368 1528 1643 1599 τυγχάνει.
1676 1533 1784 1586 Καὶ

198 1604 334 1658 ἄλλα
367 1605 423 1659 δὲ
454 1607 712 1680 ὲληριῷει
738 1610 929 1665 πολλά.

1452 1662 1483 1681 Ι

1893 618 2072 676 Patris
2119 622 2463 694 adimplet-et,
2511 637 2767 698 essetque
2817 631 3083 686 mediator
3121 632 3264 687 inter
3295 631 3467 686 Deum

1893 722 2059 779 atque
2091 712 2235 767 inter
2262 729 2363 770 nos
2387 717 2479 786 qui
2508 732 2605 787 per
2637 718 2788 773 illum
2820 719 2947 774 facti
2977 736 3189 778 sumus.
3224 724 3328 778 Sed
3359 740 3469 778 non

1893 802 2276 858 animadvertit
2334 806 2706 875 Demophilus,
2775 824 2834 863 se
2884 809 2970 865 his
3028 812 3205 865 verbis
3253 828 3473 868 summo

1895 893 2140 947 omnium
2187 895 2297 950 Deo
2341 898 2711 954 infirmitatem
2758 911 2812 957 et
2860 902 3114 957 invidiam
3149 903 3288 958 falso
3315 904 3473 959 alliu-

1892 997 2038 1052 gere,
2067 992 2121 1038 et
2158 984 2355 1040 Filium
2390 989 2678 1046 deterioris
2711 993 3045 1050 conditionis
3093 993 3275 1049 facere
3307 1011 3468 1066 quam

1892 1075 2132 1146 reliquas
2162 1094 2356 1136 omnes
2382 1092 2685 1139 creaturas.
2720 1085 2854 1138 Nam
2884 1084 3046 1140 Pater
3070 1087 3288 1155 quidem
3322 1088 3472 1140 inlir—

1892 1181 2014 1220 mus
2047 1166 2208 1223 fuerit
2238 1186 2457 1227 necesse
2483 1185 2567 1228 est
2591 1175 2748 1244 juxta
2782 1174 3088 1247 Demnphili
3119 1178 3468 1242 sententiam,

1891 1257 2093 1327 quippe
2119 1261 2212 1329 qui
2238 1276 2362 1316 cum
2397 1264 2662 1319 voluisset
2688 1267 2904 1322 cunctis
2936 1269 3229 1322 essentiam
3264 1268 3468 1337 largiri,

1891 1349 1944 1403 id
1981 1360 2167 1418 postea
2202 1357 2461 1422 perlicere
2493 1372 2600 1410 non
2628 1358 2887 1426 potuerit.
2927 1359 3010 1413 Ah
3045 1361 3250 1413 invidia
3286 1369 3469 1413 autem

1892 1458 2236 1515 nequaquam
2269 1448 2483 1506 alienus
2515 1451 2701 1516 fuerit,
2743 1452 2788 1507 si
2822 1468 2948 1507 eum
2989 1453 3092 1522 ipsi
3124 1454 3311 1507 liceret
3342 1466 3472 1505 eun-

1891 1544 2006 1590 ctas
2038 1551 2322 1595 creaturas
2348 1542 2479 1597 deos
2509 1543 2743 1607 eﬂicere,
2783 1545 2896 1613 ipse
2940 1545 3186 1598 studiose
3225 1543 3369 1598 cavit
3404 1557 3471 1596 ne

1818 1624 1860 1677 B
1889 1636 2153 1684 creaturae
2190 1631 2436 1701 ejusdem
2481 1649 2605 1689 cum
2643 1636 2764 1706 ipso
2808 1637 3140 1691 conditionis
3180 1652 3244 1691 ac
3289 1636 3470 1707 digiti-

197 1701 326 1755 tatis
352 1710 556 1755 essent.
583 1699 702 1755 Jam
737 1718 864 1757 vero
901 1702 1061 1771 Filio,
1091 1706 1239 1761 nulla
1260 1716 1345 1763 est
1372 1722 1625 1765 creatura
1652 1728 1775 1782 quae
1813 1730 1921 1769 non
1953 1720 2133 1787 potior
2160 1699 2230 1776 ac:
2253 1724 2462 1777 beatior
2483 1724 2608 1795 jure
2639 1699 2831 1781 merito
2891 1741 3012 1781 esse
3052 1725 3303 1780 videatur
3338 1699 3375 1782 ιν
3416 1719 3462 1772 Si

198 1796 423 1888 quidem
463 1794 558 1888 ille
605 1810 713 1850 non
772 1807 993 1867 propter
1024 1802 1413 1871 semetipsum,
1479 1805 1573 1858 sed
1618 1807 1690 1859 ob
1731 1813 2249 1880 contemplationem
2298 1826 2462 1888 atque
2490 1833 2650 1873 usum
2693 1828 3072 1875 creaturarum
3118 1817 3295 1873 factus
3358 1827 3463 1873 est.

197 1885 475 1956 Quidquid
492 1888 647 1981 enim
672 1889 743 1943 ob
766 1890 999 1945 aliorum
1031 1892 1319 1948 utilitatem
1350 1895 1428 1962 tit,
1480 1896 1712 1954 inferius
1776 1900 1848 1955 sit
1887 1918 2111 1962 necesse
2155 1919 2240 1964 est
2272 1909 2341 1964 iis
2373 1885 2623 1981 quorum
2674 1926 2843 1969 causa
2887 1910 3092 1968 factum
3138 1921 3242 1968 est.
3300 1909 3469 1967 Multa

196 1993 418 2049 quoque
452 1980 560 2034 alia
590 1980 902 2052 huiusmodi
933 1984 1139 2054 profert
1163 1986 1356 2043 deliria
1386 1988 1525 2061 {9.5).

1431 2162 1676 2208 VALESII
1716 2164 2117 2211 ANNOTATION
2122 2166 2193 2210 ES
2203 2195 2216 2209 .

263 2282 384 2354 (εδ)
423 2283 556 2340 Vide
579 2262 911 2358 P‘hilostorg.
943 2287 999 2342 in
1022 2288 1118 2343 lib.
1154 2304 1231 2355 ιχ,
1258 2304 1380 2360 cap.
1416 2290 1502 2347 ιι.

211 2476 1082 2509 m

891 2483 3400 2517 ww

1436 2652 1612 2700 ANNO
1666 2653 1893 2700 DOMINI
1938 2654 2179 2702 CDXXV.

1052 2837 1265 3047 S.
1439 2838 2620 3054 ATTICUS

683 3185 2088 3283 CONSTANTINOPOLITAN
2115 3194 2249 3286 US
2315 3190 2813 3287 EPISCOP
2834 3195 2966 3286 US

1546 3569 2149 3684 NOTITIA

1218 3786 1360 3851 (Acta
1399 3788 1499 3839 SS.
1527 3787 1779 3850 Bolland.,
1814 3789 1943 3853 Aug.
1981 3796 2098 3841 tom.
2124 3788 2166 3852 Ι,
2190 3804 2301 3855 pag.
2323 3792 2449 3854 32'.)

984 3838 1011 3859 Ι

272 4011 328 4068 1.
342 4010 703 4077 Sozomenus,
719 4009 815 4065 lib.
830 4022 927 4065 vni
943 4012 1061 4081 cap.
1079 4010 1167 4066 27.
1188 4020 1405 4082 tempus
1419 4013 1782 4068 ordinationis
1811 4030 1817 4068 ι

1891 4015 2041 4069 illum
2090 4013 2383 4076 ambirent,
2429 4026 2661 4081 eamque
2708 4011 2778 4065 ob
2821 4026 3042 4064 causam
3085 4010 3318 4064 multum
3352 4009 3467 4079 jam

193 4109 241 4165 S
290 4107 456 4163 Attici
480 4108 552 4162 ita
570 4107 775 4162 dellnit:
807 4125 826 4159 ι
852 4106 957 4161 Sed
981 4108 1312 4163 rtArsat-ius
1331 4124 1455 4162 cum
1481 4107 1781 4163 Ecclesiam

189 4198 866 4268 Constantinopolitanam
914 4197 1065 4253 brevi
1105 4198 1366 4268 temporis
1404 4198 1583 4267 spatio
1610 4198 1785 4251 admi-

191 4292 513 4357 nistrasset,
550 4305 616 4344 ex
667 4290 770 4345 hac
813 4291 934 4344 luce
960 4290 1252 4359 migravit;
1281 4289 1441 4359 cujus
1472 4289 1784 4346 successio-

194 4396 327 4436 nem
359 4396 485 4436 cum
524 4380 677 4434 multi
724 4389 909 4435 essent
950 4381 1042 4449 qui
1097 4381 1392 4445 ambirent,
1436 4391 1635 4450 quarto
1663 4392 1786 4451 post

195 4476 413 4532 obitum
438 4473 584 4529 illius
613 4489 799 4528 mense
822 4473 1110 4528 ordinatus
1132 4489 1213 4529 est
1241 4474 1474 4538 Atticus,
1505 4475 1787 4545 presbyter

194 4566 332 4622 cieri
366 4565 979 4635 Constantinopolitani,
1015 4565 1108 4635 qui
1143 4582 1287 4620 unus
1315 4564 1495 4620 fuerat
1521 4582 1584 4620 ex
1620 4564 1779 4620 Joan-

198 4655 290 4711 nis
317 4654 755 4709 insidiatoribus.
793 4672 811 4705 ι
865 4655 922 4708 Si
956 4654 1219 4710 Arsacius
1266 4671 1413 4710 anim
1460 4656 1588 4720 405,
1620 4657 1704 4711 die
1730 4671 1782 4710 χι

199 4744 534 4799 Novembris
559 4743 722 4805 obiit,
752 4751 815 4797 ιιι
843 4743 1100 4813 superius
1129 4758 1193 4799 ex
1224 4745 1452 4800 Socrate
1475 4745 1785 4811 retulimus,

196 4846 256 4890 et
279 4835 441 4902 juxta
494 4833 859 4889 Sozomenum
917 4853 935 4886 ι
987 4842 1188 4904 quarto
1217 4845 1341 4905 post
1379 4837 1591 4890 obitum
1639 4836 1786 4892 illius

199 4939 395 4980 mense
434 4924 721 4978 ordinatus
762 4932 846 4979 est
883 4925 1117 4990 Atticus,
1164 4943 1183 4975 ι
1226 4925 1415 4980 debuit
1453 4926 1599 4981 circa
1636 4941 1790 4981 men-

200 5033 320 5073 sem
360 5016 612 5070 Martium
661 5016 792 5070 anni
841 5016 1129 5086 sequentis
1152 5016 1382 5071 Arsacio
1419 5016 1633 5073 Atticus
1663 5033 1790 5073 suc-

200 5110 465 5165 cessisse.
519 5106 723 5161 Verum
763 5123 888 5162 eum
942 5107 1202 5164 Socrates
1236 5108 1498 5174 sedecim,
1530 5119 1583 5165 et
1609 5110 1790 5166 Palla-

200 5200 335 5255 dius
358 5199 740 5252 tantummodo
760 5199 1177 5268 quatuordecim
1200 5201 1613 5271 gubernationis
1638 5219 1791 5258 men-

117 5304 135 5314 '
203 5308 295 5346 ses
346 5288 579 5345 Arsaeio
635 5289 902 5356 tribuant,
959 5292 1027 5347 de
1083 5290 1446 5347 determinato
1503 5293 1790 5350 electionis

1890 4108 2151 4176 temporis
2179 4108 2423 4174 elapsum
2455 4115 2621 4170 esset,
2661 4105 2833 4159 altero
2866 4114 2988 4174 post
3025 4119 3191 4161 anno.
3233 4105 3469 4159 Arcadio

1886 4209 2100 4255 sextum
2127 4207 2180 4251 et
2206 4197 2384 4252 Probo
2417 4196 2761 4256 consulibus,
2790 4213 2807 4247 ι
2846 4196 3043 4249 horum
3069 4196 3387 4251 consulatus
3410 4196 3464 4250 in

1886 4304 2090 4345 annum
2118 4289 2224 4343 406
2246 4288 2483 4342 incidit?
2507 4307 2526 4339 ι
2561 4292 2629 4341 ad
2659 4287 3038 4357 episcopatum
3071 4298 3356 4358 promotus
3384 4297 3470 4342 est

1885 4382 2098 4437 Atticus
2121 4381 2205 4435 vir
2238 4380 2549 4450 religiosus.
2592 4398 2611 4430 ι

1955 4559 2012 4614 2.
2054 4557 2168 4613 Etsi
2212 4559 2428 4613 Atticus
2477 4572 2507 4610 a
2553 4556 2782 4632 Sperate
2807 4555 2885 4610 vir
2924 4554 3203 4625 religiosus
3234 4551 3469 4623 appelle-

1890 4660 1997 4713 tur.
2026 4665 2132 4704 non
2156 4650 2275 4703 ideo
2302 4647 2631 4708 iniieiamur.
2672 4646 2989 4718 religionem
3020 4645 3263 4715 aliasque
3296 4644 3469 4712 ipsius

1887 4746 2120 4798 virtutes
2173 4740 2341 4796 ntevis
2388 4740 2720 4810 quihusdam
2777 4739 3187 4792 contaminatas
3246 4734 3464 4789 fuisse:

1889 4852 2015 4891 nam
2059 4850 2170 4889 non
2215 4832 2374 4889 modo
2412 4832 2679 4887 Joannem
2721 4831 3171 4900 Chrysoslomum
3204 4827 3257 4881 in
3285 4825 3469 4882 conci-

1889 4927 2094 4981 liabulo
2128 4925 2193 4980 ad
2217 4925 2491 4991 Quereum
2520 4923 2821 4985 accusavit,
2852 4937 3040 4975 verum
3078 4920 3241 4974 etiam
3281 4919 3465 4973 sedem

1890 5019 2557 5088 Constantinopolitanatn
2627 5016 2908 5085 illegitime
2976 5013 3213 5077 invasit,
3276 5021 3470 5069 saneto

1894 5112 2129 5181 praesule
2169 5111 2348 5165 adlmc
2379 5109 2617 5174 vivente,
2642 5117 2692 5161 et
2735 5106 2909 5175 ipsius
2940 5105 3182 5160 fautores
3210 5104 3472 5159 indiscre-

1895 5213 1951 5258 to
1994 5204 2112 5259 zelo
2142 5212 2463 5274 persecutus
2502 5210 2606 5266 est,
2657 5201 2729 5254 ita
2777 5210 2836 5255 nt
2875 5217 2902 5250 a
2947 5196 3188 5253 Palladio
3233 5213 3353 5268 pag.
3398 5194 3472 5253 95

1902 5315 1919 5348 ι
1966 5295 2211 5350 omnium
2240 5296 2504 5349 adversus
2540 5292 2804 5348 Joannem
2839 5291 3179 5345 molitionum
3209 5289 3402 5343 artifex
3443 5308 3463 5341 ι

204 5381 359 5436 ilius
394 5395 582 5436 mense
612 5392 707 5436 attt
752 5382 841 5437 die
895 5382 1033 5437 nihil
1071 5384 1204 5439 certi
1230 5384 1393 5439 statui
1420 5392 1659 5454 'potest:
1692 5385 1789 5441 sed
1825 5368 1872 5428 ι)
1902 5395 2145 5438 vocetur.
2188 5383 2293 5438 Sed
2346 5373 2563 5437 videtur
2611 5382 2752 5435 hanc
2794 5383 3007 5450 culpam
3057 5381 3374 5450 paenitentia
3416 5387 3471 5435 et

204 5475 391 5530 solum
422 5475 692 5544 sequitur,
741 5474 980 5529 Atticum
1032 5475 1254 5533 ineunte
1287 5492 1433 5532 anno
1468 5476 1574 5532 406
1598 5478 1787 5534 ειιιΙιο·

204 5570 366 5623 dram
390 5565 1054 5638 Constantinopolitanam
1082 5583 1405 5639 occupasse,
1448 5579 1506 5625 ut
1530 5585 1596 5626 ex
1628 5586 1793 5641 supra

203 5659 376 5716 dictis
411 5658 649 5723 eruitur,
684 5666 740 5714 et
774 5658 1090 5715 testimonio
1129 5660 1374 5717 Socratis
1412 5661 1792 5729 confirmatur,

1901 5475 2251 5531 revocatione
2276 5474 2497 5534 eluisse.
2529 5483 2586 5528 ut
2615 5473 2774 5543 paulo
2804 5483 2926 5542 post
2949 5482 3139 5528 contra
3172 5471 3471 5529 Tillemon-

1901 5567 2035 5621 tium
2083 5565 2373 5622 ostendere
2423 5564 2766 5620 conabimur.
2819 5564 2977 5621 Certe
3026 5566 3237 5621 Atticus
3285 5574 3470 5633 postea

1898 5674 2098 5716 nomen
2129 5657 2185 5713 S.
2215 5657 2446 5715 Joannis
2482 5659 2856 5731 Cbrysostomi
2885 5659 3060 5715 sacris
3088 5659 3287 5714 tabulis
3325 5660 3467 5714 inse-
3560 5647 3567 5654 ’

204 5750 306 5820 qui
345 5750 443 5804 lib.
494 5764 547 5804 vt
590 5764 712 5820 cap.
753 5749 826 5804 20
868 5765 1074 5805 annum
1110 5751 1474 5809 ordinationis
1527 5754 1687 5811 istius
1724 5754 1796 5810 ita
1897 5751 2026 5817 ruit,
2056 5752 2196 5807 utin
2244 5749 2491 5806 Historia
2522 5752 2815 5821 tripartita,
2853 5753 2944 5808 lilr.
2971 5764 3071 5819 xu“,
3111 5768 3229 5824 cap.
3263 5753 3319 5821 Ξ,
3355 5762 3468 5805 tra-

203 5844 415 5900 diserte
453 5840 736 5914 exprimit:
780 5861 799 5895 ι
836 5840 971 5899 Cum
1010 5852 1190 5900 autem
1235 5844 1391 5900 multi
1423 5845 1797 5917 episcopatum
1898 5844 2047 5902 ditur
2096 5843 2177 5901 his
2218 5842 2442 5901 verbis:
2489 5862 2507 5897 ι
2548 5843 2761 5903 Atticus
2813 5861 2977 5918 porro
3016 5846 3303 5918 episcopus
3338 5860 3466 5902 eau-
