4026 6342
532 383 638 442 639

1653 381 1710 436 S.
1752 376 2054 435 ATTICUS
2089 376 2193 434 (ΣΡ.
2236 376 2633 435 EPISCOPUS.

3688 386 3797 446 6&0

534 515 628 557 sas
696 495 955 553 Ecclesiae
1016 496 1283 569 sapientia
1351 497 1676 555 mirabiliter
1732 494 2106 575 disponebat,
2137 496 2185 553 Λ
2211 492 2417 549 crimen
2443 493 2763 565 pmoitentia
2786 493 2984 551 deinde
3009 508 3076 553 ac
3103 503 3251 552 recte
3283 495 3444 553 factis
3472 497 3687 568 egregie
3702 515 3796 553 ex-

533 590 905 659 doctrinisque
952 591 1211 660 populum
1241 590 1307 645 ad
1357 589 1578 646 virtutis
1628 589 1875 644 studium
1915 600 2111 658 provo-

484 732 489 741 .
533 683 733 739 cabat:
791 697 1029 751 cumque
1078 683 1288 774 videret
1331 683 1564 738 divisam
1612 680 1936 744 Ecclesiam,
1984 694 2110 734 cum

532 773 798 829 .loannitae
836 790 1083 829 seorsum
1119 772 1259 845 apud
1287 790 1345 829 se
1371 775 1520 843 ipsos
1543 789 1698 830 sacra
1736 772 1998 828 solemnia
2020 785 2111 825 cc-

533 866 825 931 lehrarent,
856 866 1044 933 jussit,
1069 876 1127 919 ut
1155 867 1207 919 in
1237 866 1578 920 orationibus
1594 865 1854 919 memoria
1883 860 2113 916 Joannis

533 956 847 1020 haberetur,
875 960 1019 1011 sicut
1049 958 1279 1011 aliorum
1309 956 1695 1010 dormientium
1728 954 2111 1023 episcoporum

534 1050 649 1104 lleri
681 1050 986 1113 consuevit,
1034 1066 1130 1119 per
1177 1050 1281 1105 hoc
1323 1065 1573 1118 sperans,
1620 1048 1885 1116 plurimos
1912 1044 1976 1097 ad
2006 1041 2111 1096 Ec-

534 1140 754 1193 clesiam
805 1144 1068 1196 revocari.
1112 1159 1132 1193 ι
1172 1141 1442 1196 Caeterum
1497 1150 1689 1193 auctor
1722 1138 1975 1191 Historiae
2012 1134 2112 1186 tri-

532 1234 743 1300 partito:
776 1240 830 1285 et
868 1233 955 1285 alii
991 1235 1200 1303 antiqui
1254 1233 1549 1298 scriptores
1592 1229 1917 1300 pastoralem
1947 1225 2111 1279 Attici

534 1324 890 1393 vigilantiam,
915 1323 1208 1380 ferventem
1234 1326 1516 1381 catholica:
1549 1325 1669 1378 ﬁdei
1695 1324 1897 1387 zelum,
1929 1319 2112 1374 muni-

534 1411 693 1467 ficam
719 1429 845 1483 erga
889 1430 1155 1484 pauperes
1187 1415 1644 1478 misericordiam,
1684 1414 1932 1482 aliasque
1968 1411 2116 1466 illius

533 1503 764 1558 virtutes
796 1507 1006 1575 magnis
1045 1507 1298 1561 laudibus
1335 1509 1624 1571 extollunt,
1650 1517 1708 1559 ιιι
1738 1506 1907 1560 videri
1938 1510 2117 1574 potest

534 1596 589 1649 in
625 1594 797 1666 Opere
827 1607 1015 1651 nostro
1039 1599 1105 1652 ad
1139 1600 1280 1653 diem
1320 1616 1416 1655 vm
1455 1598 1723 1665 Januarii,
1767 1597 1857 1668 ubi
1894 1596 2115 1650 Bollan-

533 1686 635 1742 dus
656 1691 781 1745 Acta
817 1689 988 1756 ipsius
1018 1689 1326 1744 illustravit.

602 1779 656 1833 5.
696 1776 807 1833 Nos
840 1793 1110 1834 memores
1150 1780 1414 1849 propositi
1454 1780 1651 1845 nostri,
1691 1793 1802 1849 quo
1823 1776 2112 1834 chronolo-

2216 585 2403 654 piavit,
2452 595 2506 642 et
2561 587 2782 656 scriptis
2841 586 3039 642 litteris
3095 596 3284 644 auctor
3341 600 3531 644 sancto
3595 588 3800 660 Cyrillo

2216 677 2587 735 Alexandrino
2620 678 2745 747 fuit,
2783 688 2843 733 ut
2880 678 3256 749 Chry’sostomi
3288 696 3487 736 nomen
3523 681 3800 753 diptychis

2218 769 2557 829 inscriberet.
2601 791 2620 824 ι

2289 862 2342 916 5.
2401 861 2606 917 Deinde
2653 862 2947 918 Iiollandus
3013 879 3240 919 numero
3272 870 3533 934 sequente
3580 863 3800 919 exhibet

2218 951 2520 1009 honorifica
2563 954 2811 1022 quaedam
2850 964 3092 1010 veterum
3129 957 3461 1026 scriptorum
3509 959 3578 1012 de
3611 957 3668 1010 S.
3701 957 3799 1011 At-

2219 1042 2326 1097 tico
2344 1044 2677 1111 testimonia,
2697 1061 2819 1115 qua:
2836 1046 2983 1101 Actis
3005 1045 3125 1115 ejus
3147 1047 3523 1115 praemittenda
3549 1047 3797 1113 censuit,

2226 1154 2244 1186 ι
2305 1150 2374 1189 ne
2419 1137 2697 1205 asperiore
2755 1138 3065 1207 aliquorum
3132 1139 3184 1191 in
3246 1149 3495 1193 sanctum
3557 1140 3800 1195 Atticum

2220 1224 2378 1295 stylo,
2416 1244 2436 1277 ι
2478 1226 2671 1297 inquit,
2707 1246 2725 1278 ‹
2756 1227 2874 1297 ejus
2908 1226 3158 1282 fortassis
3188 1229 3239 1281 in
3272 1229 3495 1283 dubium
3536 1233 3800 1286 sanctitas

2221 1325 2528 1370 revocetur.
2576 1335 2594 1367 ι
2624 1315 2827 1371 Praeter
2854 1318 2982 1385 alia,
3020 1334 3144 1388 qua:
3177 1318 3472 1375 Bollandus
3500 1336 3609 1375 non
3644 1321 3804 1383 vidit,

2223 1416 2318 1461 aut
2343 1407 2527 1462 videre
2568 1424 2675 1464 non
2707 1410 2985 1479 potuit,ad
3010 1412 3474 1481 comprobaudam
3507 1414 3669 1483 hujus
3701 1414 3797 1468 At-

2225 1500 2315 1555 tici
2342 1501 2712 1570 sanctitatem,
2737 1503 2959 1574 allegari
2990 1513 3168 1574 potest
3205 1503 3567 1575 fragmentum
3595 1508 3799 1577 episto-

2223 1589 2323 1646 laet
2344 1591 2484 1645 beati
2514 1593 2674 1648 Attici
2696 1592 3286 1665 Constantinopolitaui
3314 1597 3573 1666 episcOpi,
3605 1616 3624 1650 ι
3653 1599 3799 1669 quod

2225 1683 2278 1737 in
2310 1684 2546 1739 concilio
2562 1684 2995 1742 Chalcedonensi
3018 1688 3158 1758 apud
3182 1686 3522 1742 Harduinum
3551 1699 3800 1743 nostrum

2226 1783 2373 1829 tomo
2416 1773 2458 1827 ll
2499 1775 2864 1831 Conciliorum
2902 1779 3009 1833 col.
3065 1777 3170 1834 655
3216 1778 3419 1833 citatur
3463 1779 3604 1832 inter
3650 1780 3801 1834 varia

532 1870 709 1942 gicam
737 1868 1122 1939 cpisc0porum
1155 1869 1889 1940 Constantinopolitanoruin
1914 1869 2110 1923 seriem
2142 1858 2187 1914 Β
2220 1883 2239 1915 ‹
2271 1865 2581 1920 testimonia
2624 1877 2936 1923 sanctorum
2962 1867 3208 1933 Patrum.
3234 1869 3326 1938 qui
3350 1878 3401 1924 el
3420 1869 3556 1924 duas
3576 1879 3800 1926 naturas

533 1961 802 2030 praecipue
834 1962 1117 2014 texendaui
1144 1962 1508 2030 suscepimus,
1546 1960 1768 2015 omissis
1792 1961 1914 2015 aliis
1948 1959 2111 2012 Attici

534 2051 722 2118 gestis,
762 2051 1040 2120 pergimus
1074 2050 1140 2104 ad
1182 2049 1301 2117 ejus
1349 2058 1604 2115 mortem,
1641 2066 1806 2120 quam
1856 2050 2112 2103 Socrates

530 2142 628 2199 iii).
652 2159 747 2205 vn,
780 2158 898 2212 cap.
927 2142 1017 2209 25,
1049 2144 1121 2196 ita
1141 2143 1340 2196 refert:
1372 2160 1391 2193 ‹
1421 2141 1689 2197 Creten-um
1712 2143 1924 2196 Atticus
1947 2142 2109 2194 etiam

535 2245 747 2303 tempus
779 2234 962 2288 obitus
996 2234 1081 2289 sui
1123 2234 1435 2302 praescivit;
1471 2248 1598 2286 nam
1631 2248 1754 2287 cum
1786 2231 1964 2287 Nicaea
1995 2231 2111 2286 dis-

530 2341 786 2381 cessurus
835 2335 1001 2387 esset,
1055 2324 1320 2395 Calliopio
1362 2325 1507 2378 illius
1545 2325 1649 2379 loci
1685 2325 2006 2395 presbytero
2036 2324 2109 2376 ita

529 2420 667 2473 dixi:
695 2439 705 2472 :
732 2419 901 2482 Cura,
932 2428 990 2473 ut
1039 2429 1167 2472 ante
1207 2430 1535 2473 autumnum
1574 2418 2107 2488 Constantinopolim

531 2510 739 2574 venias,
790 2510 833 2562 si
879 2526 964 2563 mc
1023 2509 1198 2563 adhuc
1256 2509 1440 2562 vivum
1491 2508 1674 2562 videre
1724 2509 1900 2578 cupis.
1954 2507 2110 2574 Quod

529 2615 651 2655 cum
684 2602 929 2663 dixisset.
962 2616 992 2655 a
1021 2601 1243 2654 veritate
1262 2616 1369 2654 non
1404 2601 1679 2654 aberravit
1702 2618 1714 2654 :
1737 2615 1883 2653 anno
1911 2599 2112 2669 quippe

529 2693 875 2762 episcopatus
921 2694 1002 2747 sui
1049 2694 1227 2763 primo
1268 2701 1320 2746 ct
1358 2693 1640 2755 vicesimo,
1672 2692 1759 2747 die
1801 2702 1955 2746 sexto
1988 2690 2110 2745 ldus

529 2784 798 2849 Octobris,
818 2786 951 2840 abiit
970 2802 999 2839 e
1021 2787 1149 2847 vita,
1166 2786 1457 2841 consulatu
1476 2785 1770 2841 Theodosii
1796 2785 2105 2850 undecimo,

528 2886 582 2932 et
609 2877 966 2932 Valentiniani
1000 2879 1235 2934 Caesaris
1266 2881 1466 2948 primo.
1507 2899 1526 2931 ι
1568 2870 1690 2933 "an
1715 2879 1980 2932 denotant
2004 2892 2105 2931 an-

530 2984 657 3022 num
690 2970 891 3024 Christi
922 2971 1047 3035 £23,
1081 2979 1134 3025 et
1168 2972 1310 3025 diem
1341 2987 1376 3024 χ
1411 2971 1687 3026 Oetobris.
1742 2969 1823 3023 Ex
1866 2970 1952 3025 his
1983 2984 2109 3025 cor-

530 3059 643 3129 rige
689 3075 926 3115 errorem
978 3061 1443 3131 chronologirum'
1489 3060 1845 3129 Papebrochii
1899 3063 2106 3123 nostri,

529 3151 623 3221 qui
656 3160 803 3204 torno
832 3150 898 3205 lll
923 3151 1093 3215 Junii,
1136 3167 1258 3222 pag.
1283 3152 1408 3215 507,
1438 3161 1671 3206 mortem
1706 3151 1765 3203 S.
1794 3153 1959 3208 Attici
1991 3154 2108 3209 obi-
2137 3192 2181 3251 ϐ

531 3249 614 3295 ter
654 3256 800 3293 anno
854 3240 960 3294 428
1007 3242 1375 3312 consignavit.
1430 3239 1585 3295 Haud
1637 3241 1801 3297 dubie
1856 3243 2108 3300 Socrates

530 3329 897 3397 computando
937 3330 1260 3384 vicesimum
1317 3330 1555 3399 primum
1608 3332 1953 3402 episcopatus
2011 3349 2110 3387 an-

531 3435 684 3483 num,
725 3421 1090 3478 hallucinatus
1129 3431 1231 3486 est,
1264 3431 1360 3476 aut
1389 3438 1546 3478 error
1577 3424 1630 3478 in
1657 3424 1776 3493 ejus
1816 3441 2106 3481 numerum

532 3510 779 3580 irrepsit:
806 3528 927 3566 cum
947 3513 1091 3566 enim
1118 3512 1327 3567 Atticus
1343 3513 1534 3568 orimis
1554 3516 1836 3570 mensibus
1860 3517 2109 3572 annMOG

531 3601 843 3655 cathedram
874 3600 1538 3672 Coustantinopolitauam
1572 3606 1901 3673 ascenderit,
1931 3616 1988 3660 ut
2017 3625 2109 3663 su-

531 3707 628 3760 pra
677 3693 879 3746 dictum
925 3703 1030 3758 est,
1079 3694 1148 3747 ab
1201 3695 1420 3747 ineunte
1471 3709 1618 3748 anno
1674 3695 1779 3749 406
1823 3714 1993 3767 usque
2042 3700 2109 3752 ad

533 3796 771 3836 mensem
813 3782 1099 3838 Octobrem
1138 3785 1266 3837 anni
1294 3783 1401 3838 4:25
1451 3785 1694 3839 nonnisi
1734 3788 2107 3843 novcmdecim

530 3874 658 3928 anui
704 3874 1045 3938 cﬂluxcrant,
1078 3884 1133 3930 et
1168 3878 1379 3931 Atticus
1428 3885 1555 3931 ante
1588 3887 1816 3932 mox-tem
1866 3879 2106 3933 nondum

529 3968 849 4022 vicesimum
886 3969 1232 4037 episcopatus
1274 3984 1482 4023 annum
1534 3971 1871 4036 absolverat,
1896 3991 1899 3994 ‘
1925 3982 1976 4025 ut
2007 3971 2111 4026 Ba«

530 4061 739 4122 ronius,
778 4057 999 4127 Pagius,
1029 4060 1230 4128 aliique
1264 4059 1365 4112 viri
1403 4060 1599 4114 eruditi
1633 4069 1756 4114 ante
1800 4075 1885 4114 me
1923 4061 2112 4116 obser-

529 4160 743 4204 varunt.
787 4147 966 4214 Quare
997 4151 1049 4203 in
1082 4151 1248 4204 variis
1284 4152 1575 4220 pransulum
1610 4148 2112 4221 Constantinopoli-

530 4249 781 4295 tanorum
829 4242 1090 4311 catalogis
1134 4244 1275 4313 apud
1307 4242 1626 4296 Bandurnm
1665 4254 1798 4299 tom.
1846 4244 2109 4312 Ilmperii

530 4331 814 4386 Orientalis
867 4348 896 4384 a
960 4348 1081 4400 pag.
1127 4333 1227 4387 188
1268 4334 1463 4389 melius
1519 4335 1711 4406 viginti
1757 4337 1885 4391 anui
1930 4336 2111 4391 Attico

530 4424 760 4478 rotunde
782 4424 1116 4476 tribuuntur.

2215 1953 2269 2007 in
2303 1952 2524 2011 Christo
2560 1957 2797 2013 confessi
2834 1968 2982 2024 sunt,
3014 1970 3070 2014 et
3096 1961 3614 2015 consubstantialem
3649 1961 3800 2016 Patri

2215 2044 2383 2099 Deum
2410 2046 2668 2114 Verbum,
2713 2051 2874 2104 etiam
2926 2052 3082 2106 nobis
3136 2052 3435 2106 secundum
3481 2069 3701 2107 carnem
3737 2069 3797 2106 es

2212 2135 2380 2192 Maria
2429 2140 2953 2194 consubstantialem
2985 2140 3211 2205 factum,
3245 2143 3515 2197 veraciter
3548 2159 3815 2198 asserue-

2190 2238 2361 2295 ‘runt,
2402 2249 2420 2281 ι
2453 2242 2509 2285 ut
2550 2231 2746 2286 ibidem
2788 2232 2895 2287 col.
2928 2231 3027 2288 651
3073 2233 3287 2303 legitur.
3323 2232 3420 2291 llis
3473 2236 3610 2291 adde
3655 2239 3801 2291 auti-

2213 2336 2319 2391 qua
2379 2320 2438 2374 S.
2469 2320 2700 2376 Dalmati
2747 2323 2903 2385 Acta,
2941 2340 3062 2394 qua:
3102 2325 3167 2377 ad
3211 2325 3351 2379 diem
3384 2342 3443 2380 Ill
3473 2328 3706 2396 Augusti
3736 2329 3801 2383 il-

2216 2414 2496 2468 lustranda
2561 2423 2726 2479 sunt,
2785 2421 2837 2470 ct
2895 2418 2947 2470 in
2987 2417 3186 2486 quibus
3253 2418 3397 2486 apud
3474 2419 3803 2474 Anselinum

2215 2505 2528 2560 Bandurum
2581 2516 2731 2561 tomo
2785 2505 2827 2559 ll
2884 2506 3102 2577 Imperii
3166 2508 3459 2565 Orientalis
3514 2527 3639 2583 pag.
3697 2512 3804 2569 699

2213 2599 2414 2668 pra-sul
2506 2598 2595 2652 ille
2653 2598 3289 2670 Constantinopolitanus
3354 2603 3546 2658 merito
3622 2605 3804 2660 sancti

2213 2690 2370 2743 titulo
2416 2690 2489 2743 ita
2524 2689 2833 2744 decoratur:
2864 2710 2883 2741 ι
2914 2690 3019 2745 Nec
3051 2692 3139 2745 diu
3176 2701 3361 2761 postea
3397 2692 3530 2748 obiit
3574 2706 3805 2752 sanctus

2211 2779 2497 2848 episcopus
2531 2778 2763 2845 Atticus,
2810 2782 2862 2834 in
2904 2781 3062 2851 cujus
3103 2781 3281 2837 locum
3334 2783 3612 2840 Sisinnius
3634 2786 3807 2841 suﬁc-

2211 2878 2333 2925 ctus
2363 2880 2466 2935 est,
2497 2872 2580 2924 vir
2610 2872 2732 2941 pius
2766 2887 2830 2927 ac
2854 2872 3164 2942 religiosus.
3207 2893 3228 2926 ι

2283 2959 2336 3015 6.
2379 2960 2759 3019 Tillemontius
2807 2974 2954 3018 tomo
3003 2961 3097 3016 Xll
3157 2963 3488 3020 Monumcnt.
3540 2966 3724 3021 eccles.
3772 2984 3804 3024 a

2213 3065 2337 3120 pag.
2370 3050 2476 3104 416
2506 3051 2657 3106 hisce
2681 3054 2943 3107 omnibus
2968 3069 3079 3108 non
3107 3056 3434 3124 acquiescit;
3464 3056 3557 3112 sed
3585 3068 3803 3124 contra,

2214 3141 2381 3195 citato
2420 3142 2486 3195 ad
2525 3142 2827 3213 marginem
2859 3144 3145 3211 Bnllando,
3180 3147 3383 3203 famam
3427 3150 3592 3205 Attici
3630 3151 3803 3208 libere

2217 3231 2561 3302 proscindit,
2609 3243 2664 3288 et
2714 3236 2971 3291 audacter
3017 3241 3353 3308 pronuntiat,
3420 3242 3563 3296 nulla
3621 3244 3803 3312 ipsum

2216 3324 2551 3390 ptenitcntize
2584 3325 2738 3395 signa
2776 3342 3014 3396 unquam
3052 3328 3288 3395 dedisse,
3317 3339 3370 3385 et.
3401 3331 3530 3384 nihil
3575 3331 3801 3401 fecisse,

2218 3422 2277 3467 ut
2316 3413 2660 3483 illegitimam
2709 3433 2865 3472 suam
2907 3419 3306 3475 ordinationem
3345 3434 3643 3490 repararet.
3690 3426 3801 3481 Ima

2216 3504 2375 3573 plane
2398 3506 2696 3569 laudabiles
2729 3506 2785 3562 S.
2816 3509 2978 3565 Attici
3020 3513 3286 3575 actiones,
3333 3523 3459 3583 puta
3487 3519 3799 3570 irriser2eor-

2216 3597 2361 3651 diam
2411 3614 2539 3666 erga
2586 3616 2871 3670 pauperes,
2924 3604 2976 3656 in
3018 3603 3339 3658 deteriorem
3384 3618 3592 3675 partem
3634 3610 3800 3663 inter-

2217 3698 2483 3758 pretatur,
2505 3702 2558 3744 ct
2582 3703 2703 3761 post
2728 3695 2948 3762 explosa
2980 3704 3071 3748 aut
3102 3696 3334 3766 maligne
3357 3699 3624 3766 explicata
3653 3702 3799 3757 illius

2216 3784 2389 3852 elogia
2421 3784 2638 3838 tandem
2693 3799 2815 3854 pag.
2850 3785 2954 3839 1H9
2995 3787 3294 3851 concludit,
3339 3788 3481 3842 haud
3524 3790 3799 3847 immerito

2220 3873 2517 3927 timendum
2550 3890 2690 3937 esse,
2742 3891 2809 3930 ne
2860 3877 3190 3931 desiderium
3241 3894 3363 3933 sese
3406 3881 3695 3936 extollcndi
3732 3900 3807 3940 ac

2217 3964 2271 4017 in
2300 3965 2436 4020 alios
2467 3966 2779 4019 dominandi
2823 3964 2842 4035 (
2871 3968 2986 4021 sive
3020 3984 3113 4036 per
3144 3970 3523 4024 auctoritatem
3567 3972 3799 4026 benevo-

2218 4058 2570 4128 lentiamque,
2600 4061 2712 4115 sive.
2737 4061 2925 4115 saltem
2952 4078 3044 4131 per
3062 4074 3320 4118 terrorem
3354 4065 3405 4119 id
3436 4080 3623 4136 posset
3654 4086 3805 4125 ελδερ.

2217 4151 2331 4220 qui)
2368 4153 2421 4204 in
2456 4151 2633 4207 Attico
2663 4151 2827 4207 fuerit
2854 4155 3125 4223 prmcipua
3155 4157 3321 4210 animi
3350 4161 3663 4227 propensio,
3698 4171 3804 4217 aut

2224 4261 2242 4292 ι
2291 4244 2563 4314 cupiditas
2597 4246 2779 4299 cordis
2822 4246 2942 4314 ejus
2972 4247 3326 4314 dominatrix,
3364 4267 3383 4300 ο
3430 4263 3486 4304 ιιι
3529 4250 3800 4309 Gallicam

2219 4329 2550 4387 Tillemontii
2575 4335 2817 4402 phrasim
2852 4336 3064 4391 fidelius
3102 4335 3289 4392 Latine
3318 4342 3649 4408 exprimam.

2291 4423 2339 4478 7.
2382 4423 2498 4479 Neu
2534 4427 2708 4491 video,
2756 4444 2865 4496 quo
2900 4430 3024 4498 jure
3056 4430 3435 4489 Tillemontius
3466 4434 3533 4488 de
3565 4437 3802 4492 internis

598 4512 652 4566 4.
692 4510 987 4564 Bollandus
1022 4519 1209 4565 noster
1238 4513 1487 4583 religioni
1521 4514 1626 4569 sibi
1655 4515 1829 4581 duxit,
1860 4517 2102 4573 Atticum
2144 4544 2189 4598 ι)
2220 4515 2275 4570 S.
2323 4517 2484 4572 Attici
2531 4519 2917 4574 affectionibus
2953 4523 3060 4578 tale
3101 4526 3287 4579 tulerit
3314 4525 3608 4595 judicium,
3647 4531 3799 4599 quod

530 4604 1190 4674 Constantinopolitanum
1257 4606 1614 4676 episcopum,
1681 4610 1840 4678 cujus
1908 4628 2107 4668 nomen

529 4695 856 4765 quibusdam
928 4692 1242 4750 Graecorum
1299 4693 1733 4766 Latinorumque
1785 4699 2109 4772 Menologiis

529 4787 852 4857 inscriptum
902 4787 1125 4857 legerat,
1185 4804 1254 4844 ex
1308 4787 1730 4845 immemorabili
1792 4793 1976 4849 cultus
2023 4799 2108 4850 sui

529 4878 877 4947 possessione
911 4877 1222 4933 deturbare.
1270 4877 1408 4933 llnc
1435 4881 1501 4933 ad
1532 4880 1676 4934 diem
1723 4898 1820 4935 vui
1857 4881 2106 4940 Januarii

529 4967 659 5022 Acta
702 4969 848 5023 illius
887 4983 954 5023 cx
990 4970 1156 5024 variis
1196 4971 1436 5041 antiquis
1478 4972 1843 5041 scriptoribus
1881 4990 2109 5044 Operose

528 5058 764 5129 colligit,
812 5067 865 5112 et
914 5058 1382 5115 Commentariqu
1425 5079 1587 5117 suum
1646 5066 1719 5119 ita
1777 5065 2103 5122 inchoavit:

533 5166 552 5199 ο
584 5149 735 5203 Multi
780 5160 1030 5205 sanctum
1070 5151 1526 5224 Chrysostomum
1558 5158 1669 5211 acri
1704 5158 1888 5212 studio
1924 5160 2106 5226 impu~

531 5254 784 5308 gnarum,
830 5245 923 5314 qui
961 5254 1140 5299 tamen
1170 5263 1414 5302 errorem
1451 5249 1648 5304 deinde
1676 5267 1835 5305 suum
1870 5268 2107 5321 agnove-

531 5343 675 5398 runt,
706 5345 868 5404 atque
914 5339 1063 5391 omni
1109 5341 1419 5395 sanctitatis
1466 5341 1626 5396 laude
1671 5342 1992 5399 floruerunt.
2048 5344 2104 5399 ln

531 5421 615 5476 his
649 5422 704 5476 S.
733 5424 942 5482 Atticus
976 5429 1265 5498 episcopus
1301 5431 1945 5504 Constantiuopolitanus
1979 5428 2102 5500 fuit,

532 5516 621 5585 qui
678 5518 794 5571 zelo
854 5519 1215 5576 immoderato
1275 5533 1328 5578 et
1381 5541 1724 5597 nequaquam
1798 5529 2103 5585 secundum

426 5625 441 5637 υ
531 5606 814 5664 scientiam
869 5614 1166 5682 abreptus,
1217 5631 1324 5669 non
1375 5617 1695 5673 adversatus
1744 5629 1958 5676 tantum
2021 5630 2106 5677 est

531 5709 719 5754 sancto
757 5699 1170 5775 Chrysostomo,
1222 5707 1315 5761 sed
1364 5719 1486 5778 post
1530 5710 1811 5767 Arsacium
1867 5718 1919 5768 iu
1960 5717 2101 5785 ejus,

531 5787 826 5847 etiamnum
863 5796 1193 5864 superstitis,
1236 5798 1552 5885 cathedram
1598 5808 1860 5861 successit
1900 5826 1913 5861 :
1956 5809 2105 5877 quod

2214 4608 2315 4662 Soli
2352 4607 2461 4663 Deo
2488 4612 2762 4677 convenit,
2794 4614 3051 4683 quodque
3082 4630 3337 4684 supremo
3359 4620 3608 4675 cordium
3637 4637 3800 4676 scru-

2213 4702 2373 4755 tatori
2419 4704 2744 4772 prudentius
2784 4706 3114 4774 reliquisset.
3148 4706 3283 4762 Nolo
3318 4708 3406 4765 hic
3442 4707 3798 4768 Tillemontio

2211 4791 2447 4860 objicerc
2475 4794 2748 4862 vulgarem
2785 4794 2926 4864 juris
2958 4797 3224 4865 regulam,
3266 4815 3370 4869 qua
3412 4802 3600 4856 tandiu
3632 4805 3798 4873 quis-

2212 4884 2355 4952 piam
2400 4885 2748 4954 prmsumitur
2790 4887 2996 4952 bonus,
3047 4889 3221 4946 donec
3273 4892 3532 4961 probetur
3587 4897 3797 4955 malus.

2210 4977 2347 5031 Nolo
2374 4978 2477 5047 ipsi
2506 4994 2782 5049 opponere
2829 4981 3170 5038 notissimam
3203 4984 3528 5040 Christianae
3550 4987 3801 5042 charita-

2213 5069 2281 5123 tis
2308 5069 2500 5140 legem,
2542 5087 2650 5141 qua
2682 5072 2941 5141 juhemur
2977 5073 3224 5130 actiones
3272 5078 3502 5146 proximi
3552 5078 3799 5150 benigne

2209 5161 2502 5230 explicare,
2550 5164 2791 5231 quandiu
2823 5166 3128 5221 manifestae
3162 5168 3381 5222 malitia:
3417 5185 3521 5223 non
3558 5173 3797 5226 convin-

2209 5266 2428 5310 cuntur.
2467 5254 2602 5309 Nolo
2632 5257 2867 5326 denique
2897 5260 2982 5314 hic
3035 5262 3280 5329 proferre
3326 5264 3502 5318 varias
3528 5263 3588 5317 S.
3619 5265 3797 5322 Attici

2209 5349 2456 5409 virtutes,
2481 5363 2602 5415 quae
2625 5349 2676 5402 in
2702 5350 2851 5403 Actis
2885 5351 3003 5419 ejus
3024 5352 3092 5408 ad
3118 5352 3260 5407 diem
3291 5370 3386 5408 vui
3428 5353 3674 5411 Januarii
3702 5357 3797 5412 in-

2208 5439 2380 5493 veniri
2425 5445 2674 5506 possunt.
2719 5437 2834 5494 Hoc
2880 5442 3040 5496 unice
3084 5444 3386 5510 coiitcndo,
3428 5446 3666 5501 Atticum
3730 5448 3797 5506 in

2210 5528 2566 5583 immoderato
2605 5544 2704 5585 suo
2740 5540 2927 5586 contra
2973 5533 3031 5589 S.
3063 5534 3512 5605 Chrysostomum
3545 5539 3666 5594 zelo
3696 5551 3799 5593 at-

2208 5635 2314 5689 que
2345 5619 2397 5671 in
2429 5618 2708 5690 illegitima
2744 5622 3092 5693 episcopatus
3128 5628 3477 5695 possessione
3507 5644 3685 5700 usque
3716 5631 3799 5688 ad

2208 5723 2437 5767 mortem
2474 5728 2582 5768 non
2630 5729 3026 5784 perseverasse.
3069 5717 3122 5774 ld
3164 5727 3342 5775 autem
3368 5721 3655 5777 ostendere
3685 5737 3795 5777 co-

2208 5807 2382 5866 nabor
2407 5807 2610 5878 duplici
2634 5817 2977 5879 argumento,
3006 5826 3240 5881 quorum
3270 5827 3440 5867 unum
3464 5813 3571 5868 erit
3598 5827 3629 5867 a
3657 5827 3800 5883 pos-
