4026 6342
209 355 306 421 ας

202 578 471 639 .quuntur.
498 566 653 623 Nunc
685 583 799 623 rem
835 569 1006 638 ipsam
1039 569 1350 640 aggredior.

282 657 336 712 8.
395 655 768 713 Theodoretus
825 659 923 716 lib.
996 675 1029 717 ν
1085 659 1226 713 Hist.
1273 658 1483 722 ποίει,
1538 674 1658 728 cap.
1694 660 1788 724 55,

210 748 446 820 primum
485 749 758 816 Opinionis
799 762 998 805 nostra:
1022 748 1435 807 fundamentum
1479 751 1551 805 ita
1588 752 1740 820 ponit
1775 769 1789 807 :

216 858 235 892 ‹
279 838 383 895 Sed
412 849 466 895 et
486 840 741 896 defuncto
771 841 920 896 orbis
951 850 1218 895 terrarum
1242 842 1524 911 magistro,
1551 842 1791 911 episcopi

211 925 593 984 Occidentales
613 945 721 984 non
744 930 894 999 prius
918 932 1297 1000 episcoporum
1321 930 1562 1002 Egypti,
1597 930 1792 987 Orienc

209 1018 409 1087 lisque,
446 1028 499 1073 et
528 1017 795 1089 Bosphori
827 1034 889 1075 ac
922 1018 1167 1074 Thraciae
1204 1023 1647 1087 communionem
1695 1021 1791 1075 ad~

209 1109 430 1173 misere,
461 1124 643 1179 quam
684 1110 853 1164 divini
892 1110 988 1164 viri
1024 1129 1043 1161 ι
1103 1115 1321 1181 (nempe
1363 1112 1536 1167 sancti
1567 1110 1792 1169 Joannis

208 1198 618 1270 Chrysoslomi)
671 1218 689 1252 ι
748 1215 947 1255 nomen
996 1201 1136 1256 inter
1178 1201 1466 1259 defunctos
1504 1204 1791 1276 episcopos

208 1290 542 1346 retulissent.
576 1290 641 1344 Et
678 1291 959 1347 Arsaeium
1006 1293 1250 1362 quidem,
1282 1295 1373 1363 qui
1417 1295 1466 1348 ei
1522 1294 1787 1350 suffectus

207 1378 410 1443 fuerat,
439 1396 537 1433 nec
577 1381 905 1435 salutatione
939 1382 1145 1453 dignati
1184 1391 1352 1437 sunt:
1387 1382 1625 1438 Atticum
1663 1400 1791 1439 vero

207 1471 423 1525 Arsaeii
453 1489 828 1528 successorem
866 1486 987 1545 post
1022 1476 1221 1530 multas
1241 1476 1534 1545 legationes
1556 1487 1611 1531 et
1640 1477 1793 1547 pacis

206 1563 525 1630 petitiones,
567 1565 784 1619 tandem
827 1577 1169 1635 receperunt,
1205 1582 1329 1621 cum
1360 1567 1562 1622 tabulis
1592 1582 1790 1622 nomen

207 1653 600 1719 inscripsisset.
654 1672 672 1705 ι
714 1656 975 1721 Audisne,
1005 1656 1091 1711 hic
1117 1674 1135 1706 ι
1177 1656 1375 1711 multas
1415 1656 1707 1725 legationes
1741 1664 1792 1713 et

207 1744 359 1810 pacis
391 1744 680 1811 petitiones
719 1763 736 1793 ι
783 1745 1238 1799 counncmorari?
1272 1746 1387 1810 Qua
1428 1745 1592 1812 igitur
1617 1745 1793 1799 fronte

1694 362 1996 420 ΝΟΤΙῚΊΑ.

211 475 419 541 teriori,
451 484 506 532 et
523 473 671 530 aliud
707 475 773 531 ad
802 475 1103 542 hominem,
1130 486 1190 530 ut
1213 475 1265 530 iu
1293 475 1497 532 scholis
1527 476 1684 546 vulgo
1707 476 1784 531 lo-
1814 482 1860 543 Α

3368 375 3471 432 6H

1959 477 2049 532 lt).
2099 499 2116 530 ι
2166 479 2560 551 Exspectamus
2593 497 2722 553 ergo
2751 492 2805 538 et
2830 483 3229 553 professionem
3266 500 3468 541 meme.

1891 571 2000 625 rati
2045 571 2111 625 de
2138 573 2425 642 completis
2461 574 2718 635 omnibus
2757 574 3181 640 conditionibus,
3218 592 3357 647 quas
3385 577 3472 633 di-

1892 662 2069 716 versis
2094 665 2430 732 temporibus
2460 666 2811 734 praadiximus
2836 705 2851 729 ,
2884 676 2938 720 et
2976 668 3289 735 petitionem
3324 686 3474 725 eom-

1893 753 2194 819 munionis,
2216 764 2276 809 ut
2293 764 2440 809 recte
2455 766 2509 810 et
2531 756 2764 825 petenti,
2784 764 2837 811 et
2860 756 3108 826 probanti
3140 774 3199 813 se
3227 762 3473 817 eamdem

1890 843 2116 909 mereri,
2158 843 2475 899 reddamus.
2514 862 2532 894 ι
2571 843 2715 910 Quas
2761 861 2889 899 vero
2936 846 3277 904 conditiones
3308 851 3474 905 Inno-

1890 931 2103 991 centius
2148 932 2540 1002 requisiverit,
2578 945 2631 988 et
2677 936 2955 1003 quomodo
3001 951 3095 991 eas
3140 942 3475 997 exsecutioni

1892 1022 2141 1078 mandari
2186 1023 2455 1093 voluerit,
2501 1026 2618 1096 ipse
2664 1027 2796 1080 satis
2833 1026 3075 1081 declarat
3118 1028 3172 1082 in
3224 1030 3475 1099 epistula,

1891 1129 2054 1183 quam
2076 1115 2128 1170 in
2156 1116 2345 1171 eadem
2377 1132 2539 1173 causa
2556 1118 2699 1171 dedit
2724 1117 2789 1170 ad
2817 1116 3079 1171 Acacium
3108 1118 3312 1175 Rerum:
3362 1122 3474 1191 epi~

1894 1220 2141 1276 sceptnn,
2192 1208 2284 1263 ubi
2334 1210 2475 1278 apud
2522 1208 2817 1273 Labbeum,
2847 1216 2994 1263 tumo
3024 1210 3268 1279 proxime
3310 1214 3475 1269 citato

1895 1297 1998 1354 col.
2034 1296 2193 1363 l270,
2223 1308 2345 1367 post
2371 1300 2478 1353 alia
2513 1301 2590 1355 sic
2615 1300 2843 1357 scribit:
2882 1320 2899 1353 ι
2936 1300 3091 1365 Unde
3120 1305 3217 1359 has
3242 1305 3306 1360 ad
3337 1322 3475 1375 pra:-

1897 1388 2295 1451 stantissitnum
2364 1390 2587 1445 fratrem
2650 1401 2704 1447 et
2764 1394 3152 1464 coepiscopum
3224 1408 3472 1453 nostrum

1893 1477 2265 1533 Alexandrum
2322 1481 2621 1535 reddendas
2661 1490 2766 1535 tum
2813 1485 3216 1541 transmisimus
3282 1489 3475 1542 unani-

1893 1568 2104 1636 mitati;
2154 1570 2407 1626 videlicet
2447 1580 2525 1639 ut,
2583 1573 2628 1629 si
2678 1590 2870 1631 omnes
2924 1577 3242 1643 inimicitiae,
3296 1582 3475 1637 omnis

1893 1658 2195 1724 aemulatio,
2230 1672 2335 1714 tam
2377 1662 2443 1716 de
2486 1664 2707 1719 nomine
2758 1666 2932 1720 sancti
2971 1664 3198 1724 Joannis
3242 1671 3474 1724 mirandi

1894 1749 2155 1821 episcopi,
2183 1767 2344 1822 quam
2392 1755 2459 1809 de
2496 1757 2753 1813 omnibus
2784 1759 3024 1826 ejusdem
3070 1764 3473 1820 communionis

208 1832 594 1887 ‘l'tllemontius
618 1850 865 1889 asserere
892 1837 1088 1905 potttit,
1113 1836 1515 1890 Atticum’nihil
1548 1852 1783 1906 unquam
1819 1829 1860 1884 Β
1893 1843 2263 1911 participibus,
2290 1858 2320 1897 a
2345 1852 2436 1898 tua
2467 1847 2816 1902 animositate
2847 1850 3119 1915 discessit,
3154 1852 3251 1905 has
3276 1861 3475 1907 nostrae

206 1927 427 1992 fecisse,
461 1938 518 1981 ut
552 1930 881 1998 illi-gitimam
931 1945 1086 1984 suam
1124 1930 1527 1984 ordinationem
1559 1946 1787 2000 repara-

207 2018 336 2073 ret?
368 2020 448 2071 An
482 2020 613 2071 nihil
639 2018 831 2073 iecisse
869 2019 1132 2074 dicendus
1166 2031 1267 2084 est,
1303 2020 1396 2090 qui
1429 2035 1568 2090 saepe
1598 2035 1784 2088 pacem

207 2113 346 2180 petit
380 2111 448 2163 ab
473 2111 598 2172 illis,
625 2127 761 2180 quos
809 2110 997 2179 iniqua
1028 2112 1373 2182 episcopatus
1400 2111 1786 2165 Constantino-

208 2203 441 2270 politani
475 2204 829 2272 occupatione
849 2201 1166 2265 oﬂ'endcrat,
1200 2212 1253 2256 et
1282 2203 1478 2255 multas
1509 2202 1672 2255 mittit
1698 2200 1780 2254 1e»

205 2295 482 2364 gatiuues,
516 2292 846 2349 utEcrlesiae
880 2293 1141 2348 Romana:
1176 2295 1593 2349 reconcilietur?
1622 2293 1789 2363 Equi-

205 2384 335 2437 dem
383 2381 611 2448 fatebor,
651 2392 890 2453 tempore
931 2383 1230 2437 lnttocentii
1266 2382 1284 2434 ι
1316 2383 1588 2452 pontilicis
1620 2383 1789 2437 inuti-

207 2475 316 2529 lem
369 2474 537 2528 fuisse
577 2472 891 2527 Maximiani
930 2474 1169 2544 episc0pi
1211 2473 1654 2528 intercessionem
1690 2487 1790 2543 pro

206 2566 415 2626 Attico,
464 2565 591 2632 quia
633 2565 941 2633 propositas
981 2564 1048 2618 ab
1091 2563 1407 2619 Innocentio
1452 2564 1790 2619 conditiones

208 2656 459 2709 nomium
492 2656 829 2725 impleverat.
871 2657 940 2710 At
980 2671 1047 2710 ex
1096 2657 1199 2709 hoc
1232 2656 1349 2725 ipso
1390 2657 1605 2726 colligo,
1641 2666 1791 2726 post-

208 2748 439 2802 modum
474 2749 655 2802 omnia
703 2747 814 2811 illa,
861 2763 981 2817 qua:
1024 2745 1369 2801 innocentius
1409 2755 1681 2817 exegerat,
1723 2746 1792 2801 ab

207 2840 395 2893 Attico
423 2838 593 2893 fuisse.
632 2837 795 2903 facta,
825 2838 1186 2907 antequamin
1220 2840 1662 2894 communionem
1681 2838 1791 2893 Ro-

206 2947 390 2985 manae
416 2930 670 2984 Ecclesiae
694 2932 765 2985 sit
792 2941 1059 2999 receptus.

279 3025 336 3079 9.
372 3022 584 3078 Juverit
613 3023 680 3077 de
704 3025 804 3079 hac
832 3039 888 3077 re
917 3023 1102 3077 audire
1129 3023 1414 3093 epistolam
1440 3022 1609 3093 ipsius
1635 3021 1793 3077 luno-

209 3115 377 3169 centii
409 3116 473 3167 ad
496 3113 904 3179 Maximianum,
943 3131 1064 3184 qua:
1100 3118 1240 3184 apud
1266 3113 1542 3168 Lahbeum
1574 3126 1720 3169 tomo
1746 3113 1791 3169 ll

210 3205 585 3262 Cortriliorum
620 3206 724 3261 col.
753 3207 894 3260 1:266
922 3175 975 3260 ei
1008 3175 1266 3276 sequ-cute
1293 3207 1372 3261 sic
1398 3215 1556 3262 sonat
1590 3225 1603 3260 :
1649 3225 1667 3258 ι
1702 3205 1799 3261 Μὶν
1828 3175 1870 3230 C

212 3316 430 3362 rantur,
462 3299 804 3367 prudentiatu
849 3306 992 3352 tuam
1026 3299 1225 3367 scripta
1268 3298 1333 3351 ad
1374 3297 1640 3360 Atticum,
1682 3298 1799 3367 epi-

208 3409 443 3461 s:~opnm
469 3394 1087 3462 Cousmntinopolitanze
1126 3394 1295 3456 urbis,
1335 3409 1363 3447 a
1404 3392 1560 3448 nobis
1586 3403 1637 3448 et
1673 3408 1798 3462 pro-

207 3484 498 3540 St‘Clllltlllc
524 3486 736 3553 propria
762 3494 817 3539 et
843 3486 971 3538 dato
1002 3486 1202 3547 libello,
1223 3485 1313 3555 qni
1339 3486 1527 3541 subter
1553 3502 1801 3541 annexus

209 3586 327 3639 est,
364 3576 659 3643 postulare,
691 3592 720 3629 a
752 3592 862 3645 quo
892 3591 991 3629 nec
1027 3577 1224 3631 missas
1260 3576 1399 3631 ullas
1444 3577 1633 3631 saltem
1686 3577 1802 3647 epi~

207 3669 388 3721 stolas
420 3668 486 3720 ad
539 3683 638 3720 nos
663 3669 744 3721 vel
793 3669 859 3722 ad
887 3679 1118 3722 vestram
1150 3671 1414 3740 synodum
1453 3669 1639 3737 utique
1676 3686 1800 3739 per-

210 3758 431 3819 tulisti;
483 3757 644 3828 idque
685 3773 791 3811 non
840 3758 1039 3827 petenti
1091 3758 1437 3810 tribuendum
1486 3756 1798 3823 existimes,

208 3848 365 3918 quod
404 3849 555 3903 vides
584 3850 1008 3918 deprecantibus
1033 3850 1277 3903 discussa
1310 3852 1538 3913 ratione,
1572 3864 1799 3903 conces-

206 3955 335 3995 sum
364 3956 381 4005 ;
410 3941 727 3994 communio
757 3941 903 3995 enitn
935 3954 1203 4005 suspensa
1238 3940 1545 3993 restituitur
1574 3941 1803 3992 demon-

207 4030 435 4095 stranti,
477 4046 692 4097 causas,
739 4032 940 4100 quibus
975 4030 1024 4084 id
1056 4031 1350 4095 acciderat,
1389 4031 1501 4098 jam
1540 4045 1662 4084 esse
1708 4029 1802 4083 de-

206 4132 431 4186 tersas,
489 4131 543 4175 et
589 4124 862 4193 proﬁtenti
919 4122 1261 4178 conditiones
1318 4121 1470 4190 pacis
1530 4121 1799 4189 impletas.

206 4215 373 4282 Quod
421 4230 598 4283 neque
640 4216 781 4284 apud
821 4232 939 4280 vos,
985 4231 1160 4285 neque
1204 4214 1343 4282 apud
1390 4228 1488 4266 nos
1532 4213 1613 4282 (ut
1659 4227 1800 4277 prac-

205 4307 351 4375 dixi)
396 4306 633 4365 Atticus,
680 4304 862 4360 missis
900 4306 1174 4374 aliquibus
1216 4318 1465 4369 suorum,
1498 4305 1580 4357 vel
1623 4303 1804 4358 dicere

206 4397 394 4450 voluit
418 4397 502 4449 vel
536 4398 912 4452 demonstrare
945 4398 1298 4466 completum,
1337 4396 1800 4465 quemadmodum

1895 1933 2170 1989 societatis
2234 1935 2466 2004 recipias
2538 1937 2746 1991 litteras
2783 1978 2798 2002 ,
2862 1938 3029 1994 frater
3090 1943 3416 1997 charissime
3456 1982 3472 2009 ,

1894 2025 2079 2089 modo,
2112 2038 2170 2079 ut
2194 2027 2376 2080 omnia
2423 2044 2543 2097 qua:
2580 2028 2664 2082 his
2692 2027 2711 2097 j
2751 2030 2823 2083 al.
2862 2030 2945 2082 hic
2977 2032 3056 2084 vel
3086 2032 3150 2085 de
3184 2034 3261 2086 Itis
3294 2032 3475 2105 jactis

1895 2120 2113 2171 lirmata
2153 2128 2301 2183 sunt,
2326 2121 2468 2188 apud
2500 2121 2855 2175 mediatorem
2905 2131 3151 2176 nostrum
3187 2126 3473 2180 amabilem

1894 2206 2233 2261 Alexandum
2265 2222 2357 2262 ore
2380 2209 2599 2277 proprio
2619 2250 2633 2274 ,
2659 2219 2717 2264 ut
2753 2211 3246 2266 communicantem
3281 2230 3477 2270 come-

1897 2296 2010 2361 nit,
2045 2294 2292 2350 fatearis.
2346 2315 2365 2348 ι
2400 2296 2476 2350 Es
2508 2298 2593 2351 bis
2637 2298 2935 2353 Innocentii
2970 2300 3164 2355 litteris
3187 2301 3363 2358 infero
3393 2319 3478 2359 se-.

1894 2387 2116 2460 quentia
2149 2388 2393 2458 sprituo,
2430 2389 2667 2444 Atticum
2700 2392 2930 2445 necdum
2966 2392 3266 2463 quidquam
3326 2393 3480 2450 fecis-

1896 2492 1955 2533 se
1992 2492 2138 2532 anno
2170 2477 2294 2542 415,
2333 2494 2443 2548 quo
2469 2479 2684 2533 videtur
2726 2480 2894 2536 fuisse
2939 2482 3138 2551 scripta
3184 2481 3332 2551 prior
3361 2483 3477 2552 epi-

1897 2566 2059 2632 stola,
2081 2576 2141 2620 ut
2160 2568 2599 2623 communionem
2618 2570 2869 2625 Ecclesiae
2896 2570 3154 2626 Romana:
3173 2573 3475 2640 obtineret;

1897 2657 2172 2723 secundo,
2212 2658 2414 2712 nullam
2454 2659 2617 2728 hujus
2657 2662 3062 2715 communionis
3106 2679 3257 2732 spem
3300 2665 3478 2719 Attico

1896 2748 2145 2802 relictam
2180 2746 2371 2812 fuisse,
2405 2750 2510 2803 nisi
2547 2752 2855 2820 propositas
2901 2752 2968 2805 ab
3001 2751 3315 2806 Innocentio
3346 2768 3476 2807 con-

1897 2840 2136 2895 ditiones
2188 2840 2470 2909 impleret;
2509 2841 2690 2905 tertio,
2725 2841 3093 2897 innocentium
3128 2844 3195 2899 ab
3226 2846 3480 2898 adversa-

1901 2933 2001 2988 riis
2023 2932 2398 3004 Chrysostomi
2431 2948 2534 2986 non
2558 2933 2864 3002 postulasse
2895 2935 3177 2999 duntaxat,
3199 2947 3254 2989 ut
3286 2951 3479 2989 nomen

1900 3022 2075 3077 sancti
2096 3023 2253 3078 istius
2274 3024 2520 3093 prresnlis
2550 3024 2722 3078 sacris
2754 3024 2950 3078 tabulis
2984 3024 3360 3089 inscriberent,
3387 3026 3479 3079 sed

1899 3114 2061 3168 etiam
2096 3125 2285 3169 contra
2331 3114 2450 3184 ejus
2486 3113 2727 3170 fautores
2779 3130 2994 3168 omnem
3032 3116 3373 3169 inimicitiam
3412 3132 3476 3169 ac

1901 3205 2303 3259 aemulationem
2340 3205 2691 3275 deponerent,
2729 3212 2892 3273 atque
2922 3204 3038 3260 bene
3065 3206 3205 3272 apud
3241 3205 3479 3258 Alexan-

1902 3295 2085 3359 drum,
2123 3303 2215 3347 aut
2242 3294 2408 3347 alium
2436 3310 2463 3347 a
2499 3295 2754 3364 pontifice
2778 3294 3026 3348 Romano
3053 3294 3475 3363 designandum,

1902 3401 1999 3441 ore
2034 3386 2257 3455 proprio
2280 3384 2603 3449 faterentur,
2635 3395 2692 3439 ut
2722 3384 3125 3462 communionis
3163 3384 3392 3455 cupidos
3428 3397 3479 3440 et

1902 3481 2073 3533 errori
2100 3496 2200 3535 suo
2235 3480 2612 3534 renuntiantes
2642 3480 2887 3534 decebat.

1973 3572 2061 3626 11.
2102 3574 2236 3628 Cum
2275 3573 2438 3643 igitur
2464 3573 2697 3636 Atticus,
2727 3580 2864 3627 teste
2893 3572 3262 3638 Theodoreto,
3302 3590 3321 3624 ι
3363 3583 3482 3643 post

1902 3664 2105 3719 multas
2148 3665 2444 3734 legationes
2475 3673 2529 3719 ct
2570 3665 2717 3733 pacis
2748 3665 3058 3734 petitiones,
3106 3684 3123 3716 ι
3170 3667 3384 3718 tandem
3426 3664 3480 3721 in

1902 3755 2342 3810 communionem
2384 3753 2643 3809 Romante
2687 3753 2943 3810 Ecclesia:
2990 3763 3239 3824 receptus
3298 3754 3479 3813 fuerit.

1903 3844 2349 3912 probabilissime
2411 3844 2701 3906 concludo,
2734 3843 2910 3911 ipsum
2960 3853 3115 3896 antea
3161 3842 3372 3896 oblatas
3414 3843 3483 3895 ab

1903 3934 2217 3989 Innocentio
2247 3935 2588 3992 conditiones
2611 3936 2834 3988 omnino
2858 3926 3197 4002 implevisse,
3226 3935 3479 4002 adeoque

1904 4024 2226 4080 suﬂit-ientia
2272 4025 2603 4094 pmuitentize
2643 4024 2840 4078 indicia
2883 4024 3130 4089 dedisse;
3171 4039 3295 4077 nam
3343 4025 3480 4078 emi-

1904 4115 2263 4171 nentissimus
2288 4115 2554 4170 Barouius
2577 4117 2630 4169 in
2655 4115 2951 4169 Amtalibus
2968 4130 3112 4169 anno
3132 4114 3334 4169 Christi
3353 4115 3480 4180 408,

1904 4221 2055 4259 num.
2085 4205 2175 4273 41,
2210 4206 2273 4259 ad
2303 4205 2537 4274 priorem
2571 4204 2869 4260 Innocentii
2891 4205 3180 4275 epistolam
3211 4214 3355 4261 recte
3381 4207 3481 4261 ob-

1905 4305 2106 4360 servat,
2142 4316 2159 4347 ‹
2201 4311 2309 4350 non
2354 4296 2531 4350 solere
2576 4296 2882 4350 Romanum
2920 4298 3230 4365 pontilicem
3259 4299 3484 4353 reddere

1906 4384 2488 4452 communicationem,
2544 4386 2648 4441 nisi
2704 4387 3003 4457 propositis
3060 4396 3186 4442 ante
3244 4389 3484 4458 impletis

205 4488 581 4542 Antiochena:
633 4487 892 4543 Ecclesiae
937 4488 1101 4541 frater
1133 4495 1187 4541 et
1214 4488 1571 4556 coepiscopus
1617 4495 1881 4563 noster!)
1907 4478 2333 4543 conditionibus,
2360 4490 2410 4535 et
2451 4480 2752 4533 emendatis
2774 4480 3051 4534 erroribus
3079 4480 3207 4544 illis,
3243 4496 3479 4549 quorum

206 4580 529 4633 Alexander
586 4580 746 4649 digna
803 4580 1070 4650 legalinnc
1123 4588 1177 4633 et
1228 4588 1552 4648 prosecutus
1607 4587 1688 4633 est
1751 4586 1805 4633 et

208 4671 496 4738 probavit.
537 4667 746 4734 Quibus
769 4670 1018 4722 omnibus
1046 4669 1237 4737 utique
1265 4669 1526 4721 interesse
1555 4668 1805 4738 dignatus

208 4760 1029 4829 cognoiisti,quemadmodum
1063 4759 1380 4823 singulatim
1430 4759 1612 4811 omnia
1662 4759 1803 4811 scri-
1852 4789 1856 4792 ~

208 4859 440 4919 ptorum
493 4860 806 4904 nostrorum
859 4851 1087 4904 antehae
1134 4847 1245 4920 [aL
1298 4846 1676 4919 anterior-um]
1738 4848 1805 4902 de

208 4956 391 4995 causa
426 4941 719 4995 beatissimi
748 4940 973 4994 Joannis
1018 4940 1293 5009 quondam
1341 4941 1580 5009 episcopi
1633 4939 1807 4993 nostri

209 5034 605 5100 discusserim,
641 5044 699 5087 ut
722 5050 842 5104 quae
866 5033 974 5088 illis
998 5034 1051 5085 in
1079 5032 1337 5086 omnibus
1377 5032 1510 5086 satis
1533 5031 1807 5086 evidenter

210 5124 588 5185 ostenderint,
614 5124 890 5187 universa,
909 5137 1031 5191 quin
1050 5121 1187 5191 apud
1210 5120 1556 5175 Antiochiam
1586 5119 1700 5175 ﬁeri
1722 5121 1807 5176 de-

208 5215 469 5276 buerint,
499 5212 669 5269 fuisse
692 5215 981 5284 completa.
1008 5214 1252 5281 Quorum
1285 5212 1575 5280 atnplcxati
1598 5227 1803 5281 pacem,

208 5305 420 5377 utique
470 5305 630 5361 ﬁdem
671 5304 922 5369 fecimus,
956 5316 1008 5360 et
1064 5319 1261 5375 magno
1306 5303 1524 5359 tramite
1556 5303 1807 5360 omnibus

206 5397 474 5452 eamdem
532 5396 886 5465 postulaturis
924 5394 1017 5467 [aL
1048 5411 1165 5467 qua:
1192 5393 1545 5467 pra'stolaris]
1575 5395 1810 5451 ostendi-

204 5504 383 5552 mus;
434 5488 479 5542 si
515 5488 699 5552 modo,
736 5502 857 5557 quae
886 5487 1136 5542 discussa
1163 5494 1289 5543 sunt
1329 5493 1490 5554 atque
1517 5486 1803 5555 completa,

198 5582 387 5638 etiam
421 5581 526 5651 ipsi
555 5597 615 5637 se
637 5598 733 5652 pro
757 5596 859 5637 suo
882 5582 1002 5635 loco
1029 5579 1223 5635 fecisse
1245 5580 1325 5634 vel
1355 5578 1657 5648 complesse
1673 5619 1687 5637 .
1710 5578 1807 5631 ali-

198 5671 448 5742 quando
465 5670 909 5733 monstraverint,
934 5669 1504 5737 communionemque,
1528 5676 1587 5721 ut
1606 5667 1715 5734 isti,
1736 5666 1808 5721 le-

197 5764 443 5838 gatione
456 5762 776 5818 sulemniter
786 5759 1179 5827 destinata,sibi
1193 5761 1501 5829 rogaverint
1514 5759 1802 5816 redhiberi.

1907 4584 2074 4626 causa
2116 4571 2609 4626 communicatione
2662 4571 2908 4626 interdici
2963 4581 3295 4627 meruerant.
3351 4593 3369 4626 ι
3425 4571 3482 4627 Si

1907 4662 2092 4732 itaque
2123 4662 2333 4718 Atticus
2377 4664 2447 4718 ob
2490 4665 2745 4734 injustam
2794 4662 2850 4717 S.
2883 4663 3258 4734 ChrySOstomi
3298 4680 3484 4733 perse-

1907 4753 2181 4808 cutionem
2218 4762 2272 4807 et
2312 4754 2645 4824 illegitimam
2676 4755 2948 4809 cathedrae
2977 4754 3477 4821 Constantinopoli-

1908 4852 2050 4899 lana:
2084 4847 2495 4915 occupationem
2530 4849 2915 4900 communione
2957 4843 3213 4898 Ecclesiae
3240 4845 3481 4912 privatus

1908 4936 2090 5003 fuerit,
2124 4937 2311 4991 debuit
2343 4937 2490 5005 prius
2519 4935 2744 5002 exsequi
2776 4935 2960 4987 omnia
2996 4934 3107 4998 illa,
3139 4950 3257 5001 quae
3288 4934 3352 4986 ad
3380 4934 3480 4988 hos

1908 5044 2125 5084 errores
2171 5026 2543 5083 emendandos
2580 5041 2609 5081 a
2648 5024 2909 5081 Romanis
2954 5024 3303 5094 pontificibus
3338 5040 3479 5096 pra:-

1910 5121 2314 5175 scribebantur.

1981 5210 2071 5265 12.
2123 5210 2309 5282 Neque
2361 5210 2594 5265 multum
2638 5209 2835 5273 refert,
2888 5216 3070 5263 utrum
3120 5210 3333 5265 Atticus
3378 5210 3482 5264 sub

1908 5306 2027 5376 ipso
2066 5302 2405 5368 innocentia,
2442 5311 2498 5356 ut
2545 5300 2716 5372 aliqui
2741 5302 2950 5366 volunt,
3001 5317 3069 5355 an
3114 5302 3218 5356 sub
3251 5302 3482 5374 egregiis

1909 5398 2057 5453 illius
2105 5395 2522 5452 successoribus
2566 5394 2788 5452 Zosimo
2836 5394 2917 5448 vel
2956 5392 3236 5449 Bonifacio
3284 5410 3483 5450 nomen

1911 5489 1970 5544 S.
2004 5488 2381 5560 Chrysostomi
2415 5487 2689 5558 diptyehis
2724 5486 3049 5541 inseruerit:
3083 5503 3191 5541 non
3215 5487 3358 5543 enim
3384 5486 3486 5542 mi-

1913 5580 1965 5634 hi
2006 5579 2164 5633 facile
2212 5580 2529 5649 persuaderi
2565 5580 2760 5649 patiar,
2804 5588 3059 5634 strenuos
3102 5580 3267 5633 hosce
3298 5590 3486 5634 aucto-

1912 5669 2092 5724 ritatis
2144 5669 2458 5737 apostolica:
2508 5667 2823 5723 defensores
2868 5667 2922 5721 in
2975 5682 3037 5722 ea
3092 5682 3149 5721 re
3206 5665 3485 5721 molliores

1914 5760 2106 5826 fuisse,
2155 5760 2459 5828 praesertim
2497 5774 2621 5815 eum
2671 5756 2983 5813 Bonifacius
3039 5757 3094 5811 in
3138 5754 3368 5827 epistola
3417 5754 3485 5814 ad
