4026 6342
596 360 704 420 (345

1710 358 1769 416 S.
1812 354 2117 414 ATTICUS
2153 354 2258 412 CP.
2298 354 2697 419 EPISCOI’l’S.

3766 373 3872 431 σα

593 476 859 549 quosdam
897 473 1228 530 Macedonia:
1268 474 1557 546 episcopos
1597 475 1741 547 apud
1771 476 2073 542 Labbeum,
2098 481 2184 527 to~
2210 474 2258 532 Δ
2286 473 2397 529 lunt
2438 477 2505 531 ad
2538 478 2775 534 studiunt
2807 480 3024 536 virtutis
3053 482 3348 551 excitavit;
3377 491 3431 538 et
3451 481 3519 537 ad
3554 482 3871 541 misericor-

589 584 683 623 mo
723 567 792 621 Π
819 566 1200 634 Conciliat-um,
1226 568 1332 623 col.
1375 568 1536 634 1708,
1559 569 1769 633 innuat,
1804 568 2179 624 Innocentium

592 659 647 716 in
665 660 1019 714 admittendis
1039 662 1105 714 ad
1125 661 1572 717 communionem
1590 662 1923 717 adversariis
1940 659 1997 715 S.
2015 660 2185 732 Cltry-

592 753 821 809 sostonti
856 768 959 808 non
996 751 1268 807 dillicilem
1301 752 1491 819 fuisse,
1528 763 1693 824 atque
1733 754 1799 809 ad
1837 757 2181 824 propositum

592 857 846 902 nostrum
895 854 1017 916 post
1047 846 1155 900 alia
1182 847 1261 901 sic
1295 848 1556 916 loquatur
1589 865 1603 901 :
1641 865 1660 898 ι
1694 849 1836 901 Ante
1861 848 2023 901 breve
2054 856 2182 901 tem-

593 955 717 1010 pus,
760 940 810 993 id
834 948 937 1000 est,
970 940 1071 993 sub
1106 939 1505 1008 prmdecessore
1552 954 1674 993 meo
1719 938 1891 992 beata:
1923 939 2179 993 recorda-

596 1033 762 1087 tionis
794 1030 1132 1096 Innocentio,
1157 1030 1521 1085 Orientalium
1562 1030 1932 1086 Ecclesiarttm
1961 1030 2181 1101 pontili-

594 1137 687 1179 ees
705 1122 971 1184 dolentes,
1000 1135 1058 1175 se
1080 1138 1110 1173 a
1143 1121 1287 1175 beati
1311 1118 1453 1175 Petri
1472 1123 1858 1177 communione
1876 1122 2175 1193 sejunctas,

595 1230 693 1285 per
733 1214 939 1284 legatos
990 1229 1199 1283 pacem,
1241 1214 1385 1267 sicut
1435 1214 1679 1268 cltaritas
1729 1225 1909 1268 vestra
1958 1214 2175 1283 retinet,

595 1314 962 1377 poposcerunt
997 1321 1011 1357 :
1061 1321 1170 1373 quo
1202 1312 1451 1374 tempore
1476 1308 1775 1375 apostolica
1808 1307 1968 1361 sedes
1992 1307 2177 1362 omnia

597 1414 704 1453 tton
739 1398 1021 1453 diliirttlter
1063 1396 1309 1452 indulsit.
1365 1416 1383 1447 ι
1437 1394 1595 1452 Nunc
1641 1397 2014 1452 adversarium
2053 1414 2178 1466 pro-

595 1492 732 1559 priis
771 1492 885 1544 suis
930 1490 1099 1543 armis
1134 1488 1535 1559 aggrediamur,
1561 1499 1634 1557 et,
1674 1499 1731 1544 ut
1762 1490 1923 1561 vulgo
1952 1489 2057 1545 dici
2081 1504 2173 1545 so.

596 1586 691 1650 let,
723 1586 787 1638 ad
820 1584 1095 1637 hominem
1137 1594 1605 1654 argumentemur.

668 1677 754 1732 15.
828 1676 1209 1731 Tillentontius
1278 1685 1429 1731 tomo
1493 1675 1609 1730 XIV
1683 1677 1918 1731 Monum.
1985 1677 2171 1735 εει-188.

592 1784 712 1838 pag.
742 1770 849 1824 230
880 1769 1098 1832 fatetur,
1128 1768 1186 1825 S.
1226 1768 1488 1839 Cyrillum
1518 1765 1949 1824 Alexandrinum
1985 1770 2039 1823 itt
2071 1786 2173 1826 suo

594 1858 955 1915 inttttoderalo
1024 1868 1213 1914 contra
1274 1858 1332 1912 S.
1397 1858 1661 1914 Joannem
1716 1860 2174 1932 Cltrysostontttm

593 1954 711 2006 zelo
735 1954 938 2007 diutius
962 1970 1124 2022 qttatn
1155 1953 1291 2007 alios
1317 1969 1506 2007 omnes
1535 1968 1935 2021 perseverasse,
1961 1956 2172 2023 ipsum-

591 2057 700 2112 que
734 2045 993 2098 maluisse
1026 2044 1094 2098 ab
1126 2043 1368 2098 Ecclesia
1399 2043 1643 2098 Romana
1676 2055 1730 2099 et
1758 2045 1897 2099 forte
1925 2047 2174 2114 pluribus

592 2133 717 2188 aliis
745 2144 1055 2203 separatum
1083 2148 1322 2195 manere,
1349 2148 1514 2202 quam
1545 2133 1877 2201 nomenejus
1900 2132 2174 2203 diptycltis

592 2225 912 2281 inscribere.
962 2223 1066 2277 Sed
1113 2224 1309 2278 deinde
1350 2224 1526 2278 citans
1599 2224 1652 2277 in
1709 2223 1955 2294 margine
2013 2224 2175 2279 Nice-

592 2318 826 2388 phorum
855 2316 1136 2370 Callistum
1167 2316 1261 2369 lib.
1291 2331 1382 2369 xiv
1414 2314 1556 2370 (list.
1592 2316 1776 2370 eccles.
1813 2332 1930 2385 cap.
1960 2316 2052 2380 28,
2079 2333 2171 2373 er-

594 2425 817 2464 roncatu
848 2408 1124 2480 S.~(‘.yrilli
1160 2410 1569 2478 persuasionem
1608 2409 1694 2463 liis
1723 2407 2013 2480 Nieepltori
2051 2425 2173 2464 ver-

592 2504 678 2559 bis
706 2513 933 2559 excusat
975 2522 987 2559 :
1020 2524 1039 2556 ι
1065 2503 1335 2571 Quoniam
1364 2521 1492 2559 vero
1513 2504 1801 2559 dissidium
1831 2505 1933 2559 ltoc
1948 2504 2168 2574 quidem

590 2609 657 2649 ea
690 2594 1059 2656 :etnulatione,
1095 2594 1348 2662 quamvis
1384 2607 1489 2647 non
1522 2592 1822 2646 secundent
1861 2591 2167 2654 scientiam,

590 2703 699 2741 non
733 2695 913 2740 autem
956 2700 1022 2739 cx
1058 2684 1282 2749 invidia,
1317 2698 1491 2754 neque
1525 2684 1792 2738 diabolica
1820 2682 2170 2737 contentione

591 2779 853 2839 manavit,
892 2794 998 2831 non
1028 2784 1283 2845 oportere
1312 2774 1489 2828 virum
1519 2786 1572 2828 et
1601 2775 1850 2828 doctrina
1889 2781 1942 2825 et
1969 2774 2170 2825 virtute

588 2877 961 2939 praestantem,
1010 2867 1110 2921 ltac
1144 2883 1247 2920 una
1289 2866 1343 2920 itt
1376 2881 1432 2920 re
1472 2865 1805 2930 claudicare,
1846 2880 1955 2934 quo
1986 2878 2168 2916 ltl‘llllS

588 2963 654 3016 ad
700 2976 971 3017 summam
1021 2958 1407 3030 petftctionem
1452 2958 1780 3028 perveniret,
1831 2956 1939 3010 Deo
1986 2956 2165 3009 visum

585 3062 688 3109 est.
719 3052 980 3108 llomines
1007 3054 1151 3106 enim
1178 3052 1253 3105 illi
1283 3061 1459 3115 erant,
1500 3060 1552 3103 et
1577 3048 1836 3103 humanis
1866 3047 2169 3101 aﬂ‘ectioni-

587 3148 690 3201 ltus
718 3146 964 3201 obnoxii.
1020 3164 1040 3198 ι
1078 3143 1202 3199 Haec
1244 3143 1525 3198 excusatio
1558 3143 1722 3197 etiam
1754 3156 1853 3212 pro
1876 3140 2057 3195 Attico
2086 3138 2168 3194 al—
2194 3178 2237 3236 ε

585 3238 714 3293 fct't'i
746 3247 941 3308 potest.

658 3329 745 3383 H.
789 3328 1031 3399 Denique
1058 3327 1439 3383 Tillcmontius
1465 3325 1662 3381 ibidem
1695 3342 1817 3397 pag.
1848 3324 1947 3380 28l
1977 3340 2042 3379 ex
2074 3340 2167 3379 eo-

583 3422 707 3477 dem
749 3421 1058 3492 Nicepltoro
1104 3422 1331 3477 Callisto
1368 3428 1575 3483 narrat,
1620 3419 1898 3488 quomodo
1946 3423 2164 3471 tandem

586 3516 643 3572 S.
698 3516 931 3588 Cyrillus
969 3531 1165 3569 nomen
1207 3515 1264 3568 S.
1314 3512 1691 3585 Cltrysostonti
1743 3511 1917 3566 sacris
1963 3509 2165 3565 tabulis

586 3612 897 3674 inseruerit,
940 3620 995 3663 ttt
1038 3626 1136 3664 nos
1175 3610 1240 3663 ad
1280 3610 1421 3661 diem
1457 3622 1622 3661 xxvttt
1653 3604 1900 3659 Januarii
1933 3605 1987 3658 itt
2016 3603 2166 3658 Actis

587 3702 646 3757 S.
672 3703 858 3774 Cyrilli
884 3702 911 3774 §
941 3701 973 3755 6
1001 3702 1304 3755 retulimus.
1333 3698 1436 3753 Sed
1459 3698 1839 3752 Tillentontius
1864 3697 2061 3752 ibidem
2097 3695 2165 3751 de

585 3810 687 3848 suo
711 3793 882 3859 addit,
918 3790 1181 3863 Cyrillum
1207 3789 1348 3844 Itaud
1377 3787 1661 3843 tliliieulter
1682 3786 1986 3841 ottittuisse
2009 3801 2163 3840 com-

587 3887 901 3942 ntuzzioncm
954 3883 1208 3939 Ecclesiae
1267 3881 1547 3940 Romana).
1600 3879 1689 3933 cui
1749 3889 1880 3933 tunc
1935 3884 2165 3948 praeerat

584 3976 859 4042 Zusintus,
896 3975 1065 4029 missa
1103 3973 1244 4027 ltaud
1281 3971 1445 4026 dubie
1480 3968 1709 4023 Romam
1740 3969 2029 4040 legatione.
2055 3964 2163 4021 Sed

582 4068 765 4124 nullos
800 4067 965 4137 ltnjns
1022 4063 1311 4136 legationis
1347 4071 1515 4117 testes
1544 4070 1640 4115 aut
1687 4060 1902 4115 tabulas
1941 4061 2158 4130 allegat,

582 4160 727 4216 sicut
758 4170 938 4214 tamen
972 4158 1024 4212 itt
1056 4157 1179 4212 aliis
1220 4155 1477 4210 Historia:
1509 4168 1623 4207 suae
1651 4150 2026 4206 ecclesiastica:
2056 4166 2162 4203 mo.

581 4253 841 4306 mouentis
885 4252 1083 4320 ttLique
1127 4250 1315 4305 scdulo
1354 4248 1533 4305 facere
1586 4246 1895 4303 consuevit.
1930 4243 2043 4300 Hoc
2079 4243 2158 4299 si-

580 4342 748 4397 lentio
780 4343 1058 4407 indicavit,
1095 4358 1215 4397 sese
1256 4342 1551 4395 Romanam
1604 4341 1791 4412 (Iyrilli
1830 4336 2156 4409 legationem

580 4450 849 4502 nusquam
879 4434 1017 4502 apud
1052 4443 1258 4488 veteres
1276 4434 1571 4502 scriptores
1596 4432 1889 4496 invenisse,
1924 4444 2157 4499 eantque

579 4526 840 4579 duntaxat
871 4523 1120 4578 intuliSse
1152 4542 1179 4574 a
1217 4524 1529 4593 posteriori,
1569 4523 1696 4592 quia
1732 4521 1983 4576 videlicd
2015 4521 2155 4574 inter

576 4616 982 4671 communionis
1015 4624 1069 4670 et
1105 4616 1258 4686 pacis
1285 4615 1629 4669 conditiones
1662 4631 1692 4669 a
1721 4612 1987 4668 Romanis
2017 4628 2153 4682 pon-

579 4707 816 4763 tiﬁcibus
848 4707 1249 4777 requirebatur.
1274 4705 1639 4762 Adversarius
1671 4706 1834 4770 igitur
1865 4721 1971 4759 non
2012 4719 2153 4773 mgre

575 4800 714 4853 [erat
751 4814 852 4854 nos
891 4799 1144 4868 superius
1188 4795 1380 4852 eodem
1429 4798 1734 4868 argumenti
1779 4811 1974 4866 genere
2022 4809 2152 4849 usos

574 4908 716 4957 esse,
752 4903 912 4962 atque
943 4909 971 4946 a
1016 4890 1304 4962 posteriori
1334 4892 1641 4961 collegisse,
1682 4890 1827 4961 quod
1856 4887 1912 4941 S.
1937 4887 2152 4943 Atticus

576 4984 779 5056 (cujus
808 4985 996 5040 saltem
1031 4984 1308 5040 Romanas
1344 4984 1639 5055 legationes
1698 4989 1928 5037 testatur
1972 4980 2152 5036 Tltco-

572 5076 815 5147 dorelus;
850 5074 1177 5132 satisfecerit
1203 5076 1461 5132 omnibus
1489 5074 1913 5138 conditionibus,
1943 5089 2063 5145 qua:
2081 5073 2151 5129 ab

574 5166 890 5223 Innocentio
916 5169 1171 5237 pontilice
1203 5169 1575 5238 exigebantur.

650 5257 739 5312 15.
792 5256 850 5312 Si
893 5256 1272 5314 Tillrmontins
1309 5258 1364 5312 in
1406 5274 1573 5313 causa
1623 5257 1681 5312 S.
1722 5255 1909 5329 Cyrilli
1940 5266 2145 5313 tantam

572 5351 949 5405 auctoritatem
970 5352 1172 5407 tribuat
1196 5350 1504 5421 Nicepltoro
1530 5350 1778 5417 Callisto,
1810 5351 1971 5407 nobis
1983 5354 2144 5407 etiam

574 5443 697 5498 licet
710 5444 957 5499 eumdem
978 5454 1254 5500 auctorem
1273 5443 1527 5513 allegare,
1542 5444 1637 5513 qui
1662 5444 1756 5499 lib.
1776 5459 1886 5511 xw,
1907 5459 2028 5514 cap.
2052 5443 2144 5511 24,

574 5536 810 5590 Atticum
862 5537 934 5591 ita
987 5538 1169 5592 laudat
1219 5554 1232 5589 :
1290 5556 1307 5588 ι
1357 5535 1569 5592 Atticus
1622 5547 1801 5592 autem
1855 5537 2146 5608 episcopus

570 5628 1245 5699 Constantinopolitanus,
1288 5640 1347 5684 ut
1386 5627 1627 5684 Ecclesia
1676 5630 2010 5685 incrementa
2045 5646 2144 5684 sua

570 5733 809 5791 caperet,
845 5723 1075 5778 ntirilice
1111 5737 1329 5793 operam
1364 5722 1538 5778 dedit:
1582 5738 1798 5778 summa
1837 5724 1980 5778 enim
2012 5738 2145 5792 pru-

568 5818 749 5873 dentia
782 5834 899 5872 eam
927 5818 1337 5884 administrans,
1383 5818 1641 5874 continua
1680 5817 1927 5873 doctrina
1967 5833 2142 5889 popo-

2283 566 2428 621 diam
2460 580 2625 639 atque
2668 571 3010 640 largitionem
3052 580 3161 626 tam
3206 574 3467 643 proclivis
3505 571 3723 649 fuit._ut
3761 592 3872 633 non

2284 657 2449 711 modo
2482 659 2584 724 eis,
2625 660 2719 730 qui
2763 661 2815 715 itt
2853 662 3108 731 parmciis
3134 662 3255 732 ejus
3295 674 3472 729 erant,
3518 680 3706 734 egents
3745 682 3873 733 pro-

2282 747 2573 802 videndum
2625 751 2869 813 duceret,
2906 753 2999 806 sed
3050 754 3212 805 etiam
3255 753 3451 806 vicinis
3481 753 3871 811 ConStantiuo-

2280 840 2391 910 poli
2412 838 2674 896 Ecclesiis
2702 844 2988 912 pecuniam
3028 845 3253 898 ntultam
3287 846 3353 899 ad
3392 861 3694 915 pauperum
3738 864 3785 900 et
3814 866 3874 900 tt-

2281 931 2607 988 solationeut
2660 935 2916 989 mitteret.
2966 954 2985 986 ι
3042 934 3275 990 Easdem
3332 935 3387 991 S.
3430 938 3592 992 Attici
3639 940 3873 992 virtutes

2280 1022 2376 1077 lib.
2429 1038 2525 1086 vn,
2563 1038 2683 1093 cap.
2725 1025 2816 1089 25,
2850 1037 3113 1080 memorat
3168 1025 3444 1089 Socrates,
3489 1043 3649 1097 quem
3687 1038 3870 1082 tamen

2280 1113 2663 1173 Tillemontitts
2725 1118 2986 1188 explodit.
3060 1117 3229 1174 Perro
3308 1118 3449 1173 idem
3526 1118 3872 1189 Nicepltortts

2280 1208 2377 1263 ltlt.
2439 1225 2552 1273 xtv,
2612 1226 2733 1280 cap.
2778 1209 2890 1275 25,
2944 1210 3155 1274 innuit,
3230 1211 3471 1265 Atticum
3546 1226 3670 1265 vere
3741 1225 3869 1264 cum

2280 1298 2339 1354 S.
2373 1300 2775 1371 Cltrysostomo
2811 1312 3031 1356 mortuo
3054 1302 3106 1355 in
3140 1302 3371 1372 gratiam
3405 1302 3650 1367 rediisse,
3684 1303 3875 1356 talent-

2277 1405 2384 1459 que
2436 1388 2607 1445 fuisse
2652 1391 2796 1446 illius
2845 1392 3282 1447 emendationem
3333 1408 3398 1448 ac
3450 1395 3868 1463 pmttitcntiaut,

2283 1500 2302 1533 σ
2332 1490 2388 1537 ut
2414 1482 2895 1552 reprehensionem
2941 1499 3085 1549 eam,
3122 1501 3227 1554 qua
3268 1487 3545 1555 expetitus
3582 1501 3690 1551 est,
3720 1489 3869 1555 quod

2274 1572 2503 1630 Joannis
2542 1588 2839 1633 sectatores
2879 1578 3020 1632 male
3059 1581 3354 1648 acct'perit,
3402 1595 3433 1634 a
3475 1596 3535 1635 se
3577 1583 3866 1647 amolitus,

2276 1660 2399 1725 aliis
2435 1671 2769 1727 obvclaverit
2812 1673 2991 1727 bonis.
3037 1691 3055 1724 ι
3096 1670 3238 1739 Quid
3278 1689 3409 1743 ergo
3452 1675 3700 1743 peccavit
3742 1673 3869 1728 Bol-

2278 1764 2494 1831 lattdus,
2534 1767 2662 1821 dttm
2704 1767 2860 1822 initio
2892 1767 3282 1821 Contmentarii
3321 1769 3402 1821 sui
3439 1768 3596 1829 dixit,
3642 1769 3701 1821 S.
3733 1768 3870 1821 Atti-

2281 1876 2405 1914 cum
2446 1859 2676 1914 crimina
2708 1860 2923 1929 injustas
2953 1876 3066 1914 suze
3106 1861 3503 1930 persecutionis
3547 1876 3611 1915 ac
3644 1860 3867 1931 illegiti-

2282 1967 2384 2005 ma:
2417 1951 2717 2013 invasionis
2758 1954 3074 2021 poenitentia
3121 1964 3174 2007 et
3207 1962 3351 2008 recte
3383 1953 3541 2008 factis
3570 1953 3868 2022 expiasse?

2353 2043 2438 2098 16.
2481 2041 2826 2112 Nict-pltorus
2846 2045 3084 2114 denique
3100 2046 3324 2101 citatum
3348 2058 3513 2116 caput
3536 2046 3606 2101 25
3634 2048 3706 2100 ita
3732 2062 3869 2100 con-

2282 2134 2485 2190 cludit:
2529 2155 2547 2187 ι
2581 2135 2851 2191 Caeterum
2896 2154 3020 2191 cum
3053 2136 3269 2192 Atticus
3314 2154 3533 2208 quoque
3571 2144 3868 2208 episcopus

2280 2238 2501 2300 propter
2514 2227 2798 2284 Joannitas
2822 2229 3116 2286 Ecclesiam
3135 2247 3255 2286 esse
3281 2230 3512 2285 scissam
3546 2230 3772 2295 videret,
3798 2231 3867 2284 de

2280 2321 2588 2390 principum
2643 2321 2909 2375 sententia
2946 2322 3059 2391 ipse
3084 2338 3303 2392 quoque
3345 2322 3674 2376 mentionem
3714 2322 3866 2375 illius

2279 2413 2395 2467 fieri
2423 2413 2475 2466 itt
2509 2413 2921 2483 precationibus
2945 2413 3136 2482 jussit.
3158 2413 3622 2483 quemadmodum
3648 2412 3699 2465 id
3724 2424 3777 2466 et
3808 2412 3862 2465 itt

2278 2504 2402 2558 aliis
2435 2504 2731 2573 episcopis,
2762 2504 2855 2574 qui
2912 2506 3018 2558 vita
3050 2505 3450 2567 excessissent,
3484 2504 3596 2557 lieri
3633 2502 3866 2557 solitum

2276 2604 2413 2651 erat.
2435 2598 2613 2667 Atque
2639 2613 2703 2651 cx
2731 2611 2797 2651 eo
2829 2605 3072 2667 tempore
3098 2597 3443 2666 paxexstitit.
3470 2595 3641 2651 dont-c
3668 2605 3865 2666 postea

2279 2703 2498 2758 quoque
2540 2688 2786 2758 reliqoia:
2827 2688 2946 2758 ejus
2990 2689 3109 2741 urbi
3156 2687 3443 2758 imperanti
3494 2687 3653 2740 illatae
3702 2695 3860 2741 sunt.

2278 2779 2492 2832 Atticus
2536 2779 2821 2840 invidiam,
2876 2778 2928 2832 in
2964 2795 3125 2847 quam
3157 2791 3376 2849 propter
3418 2780 3657 2834 divinum
3687 2776 3858 2832 Joan-

2279 2886 2401 2923 nem
2431 2869 2728 2936 deciderat,
2780 2870 2884 2925 hoc
2921 2871 3084 2923 modo
3131 2870 3415 2941 magniliee
3454 2870 3704 2923 aluit-vit.
3741 2866 3865 2923 Nec

2278 2962 2367 3014 ille
2396 2962 2560 3017 modo
2589 2964 2639 3016 id
2670 2961 2833 3028 fecit;
2864 2962 2956 3015 sed
2994 2961 3115 3015 aliis
3145 2978 3361 3030 quoque
3388 2959 3611 3016 Joannis
3640 2977 3857 3015 mento-

2278 3054 2414 3109 riant
2446 3055 2701 3125 precibus
2732 3055 2971 3110 inserere
2995 3055 3397 3118 recusantibus,
3420 3062 3474 3107 et
3500 3051 3702 3124 Cyrillo
3732 3070 3861 3108 nta-

2278 3149 2422 3203 xime
2458 3146 2803 3202 Alexandria:
2848 3147 3089 3218 prtrsuli,
3125 3146 3220 3215 qtti
3274 3146 3540 3200 hostiliter
3586 3141 3863 3200 Joannem

2272 3240 2482 3304 oderat,
2521 3239 2665 3309 quod
2714 3239 2803 3293 ille
2838 3254 2867 3293 a
2912 3238 3217 3307 'l‘lteopltilo
3265 3249 3459 3307 patrno
3503 3252 3604 3290 suo
3636 3236 3864 3291 dissen-

2270 3334 2456 3400 sisset,
2508 3332 2798 3403 persuasit.
2852 3351 2871 3383 ι
2922 3332 3061 3385 Tum
3118 3329 3457 3394 Nicepltorns
3501 3329 3860 3398 sequentibus

2268 3424 2542 3495 capitibus
2591 3424 2784 3477 recitat
2818 3423 3023 3476 litteras
3070 3421 3231 3476 Attici
3270 3430 3319 3475 et
3349 3420 3555 3491 Cyrilii,
3596 3421 3739 3473 ultro
3779 3420 3852 3473 ci-

2269 3526 2463 3587 troque
2494 3516 2546 3569 itt
2576 3515 2679 3570 ltac
2713 3530 2877 3570 causa
2917 3514 3169 3583 scriptas,
3208 3530 3271 3566 ex
3320 3512 3518 3583 quibus
3556 3510 3862 3565 Tillemon-

2268 3612 2575 3665 tiustomo
2620 3607 2714 3662 ΧΗ
2751 3606 3078 3661 Monumeut.
3116 3605 3302 3660 ercles.
3350 3621 3473 3675 pag.
3518 3604 3622 3658 “6
3658 3604 3857 3667 infert,

2272 3707 2510 3761 Atticum
2537 3702 2759 3770 reliquis
2786 3703 2904 3756 suis
2926 3701 3167 3770 peccatis
3190 3691 3854 3768 addidisse.Ityp01-risitn,

2268 3797 2313 3851 si
2350 3797 2403 3849 itt
2436 3796 2619 3849 animo
2652 3794 2905 3847 Itabucrit
2934 3808 3117 3854 sensa,
3156 3807 3276 3861 qnze
3305 3790 3356 3843 itt
3379 3789 3500 3844 istis
3534 3790 3731 3844 litteris
3755 3804 3856 3844 ex-

2266 3888 2486 3961 pressit.
2519 3888 2719 3940 Durttnt
2752 3883 3311 3953 ettitnvcrojudiciam
3334 3883 3347 3935 !

2339 3981 2425 4035 17.
2470 3980 2709 4049 lngenue
2738 3978 2933 4045 fateor,
2966 3993 3030 4032 ex
3057 3977 3270 4032 duabus
3309 3975 3366 4030 S.
3404 3974 3568 4030 Attici
3598 3975 3853 4044 epistolis

2264 4074 2581 4129 nonnullam
2636 4071 3006 4126 tliﬂlcultatem
3058 4069 3262 4124 moveri
3305 4084 3483 4139 posse,
3510 4084 3635 4122 cum
3678 4068 3734 4121 in
3781 4068 3853 4122 iis

2263 4167 2547 4238 signiticet,
2609 4180 2669 4220 se
2715 4165 2909 4218 timore
2963 4172 3017 4217 et
3067 4162 3395 4219 necessitate
3439 4159 3617 4230 potius
3669 4175 3845 4228 quant

2262 4273 2450 4313 amore
2492 4265 2587 4310 aut
2627 4255 2944 4326 poenitentia
2981 4253 3260 4308 inductum
3311 4252 3497 4316 fuisse,
3542 4260 3600 4304 ut
3632 4265 3851 4303 mento-

2264 4350 2398 4403 riam
2421 4347 2478 4402 S.
2502 4346 2730 4401 Joannis
2749 4345 3127 4417 (Iltrysostomi
3148 4345 3200 4398 in
3214 4343 3486 4416 diptycltis
3517 4342 3845 4396 celebraret.

2259 4442 2527 4496 Praeterea
2567 4441 2801 4502 Atticus,
2853 4440 2906 4493 itt
2947 4438 3188 4508 Epistola
3221 4439 3291 4492 ad
3330 4437 3544 4493 Petrum
3568 4446 3618 4490 et
3652 4434 3850 4490 dide-

2185 4550 2230 4605 ι)
2259 4536 2395 4587 sium
2434 4533 2683 4586 diaconos
2730 4532 2954 4600 scripta,
3003 4531 3228 4585 innuere
3270 4530 3504 4593 videtur,
3534 4528 3846 4597 depositio-

2258 4642 2378 4680 nem
2410 4624 2793 4693 Cltrysostomi
2819 4622 2873 4676 in
2904 4622 3356 4693 pseudo-synodo
3394 4620 3736 4688 Quercetana
3762 4621 3846 4676 le-

2254 4719 2500 4790 gitimam
2535 4716 2725 4772 l‘uisse.
2766 4714 2871 4771 Sed
2899 4729 3025 4770 cum
3053 4717 3252 4785 scripta
3274 4723 3327 4769 et
3354 4722 3501 4785 gesta
3534 4712 3841 4769 illustrium

2253 4823 2348 4864 aut
2378 4817 2693 4865 sanctorum
2730 4808 2976 4861 vit-ouum
3040 4822 3259 4875 semper
3291 4806 3344 4859 in
3392 4804 3674 4859 meliorem
3709 4819 3845 4874 par-

2254 4908 2360 4955 tem
2387 4900 2707 4971 explicanda
2746 4900 2878 4963 sint,
2918 4898 3188 4968 imprimis
3221 4894 3486 4965 suspicari
3520 4909 3842 4964 possemus,

2250 4993 2488 5047 Atticum
2528 4992 2683 5046 initio
2711 4992 3080 5054 existimasse,
3110 4990 3254 5059 quod
3288 4990 3354 5041 ad
3389 5003 3544 5042 suam
3585 4988 3843 5042 reconci-

2250 5085 2527 5140 liationem
2551 5094 2603 5139 et
2630 5082 2994 5138 Ecclesiarum
3020 5097 3206 5151 pacem
3239 5078 3528 5140 sufﬁceret,
3554 5079 3599 5132 si
3627 5093 3842 5133 nomen

2249 5174 2624 5247 Cltrysostomi
2652 5172 3144 5243 quomodocunque
3180 5169 3356 5226 saetis
3388 5169 3587 5223 tabulis
3629 5168 3847 5223 insere~

2247 5276 2350 5323 ret.
2373 5266 2467 5322 Sic
2494 5267 2668 5338 potuit
2697 5265 2755 5320 S.
2777 5264 3008 5337 Cyrillo,
3032 5279 3192 5335 quem
3217 5262 3415 5317 Joanni
3435 5260 3841 5333 Chrysostomo

2246 5359 2485 5415 maxime
2526 5357 2803 5413 adversari
2853 5365 3097 5420 noverat,
3144 5355 3284 5409 ltanc
3330 5353 3633 5408 molliorem
3677 5354 3841 5421 pacis

2246 5451 2611 5509 conditionem
2638 5462 2965 5519 prottonere,
2986 5456 3043 5501 ttt
3072 5463 3192 5501 eam
3223 5444 3438 5500 facilius
3465 5443 3842 5513 amplectere-

2245 5553 2354 5599 tur.
2383 5544 2450 5595 At
2476 5540 2599 5609 quis
2638 5548 2865 5605 asseret,
2900 5539 3046 5592 illam
3077 5538 3239 5591 Attici
3267 5535 3591 5607 ltypotltesin
3619 5535 3689 5589 ab
3726 5535 3838 5589 Ec-

2243 5632 2410 5688 clesia
2467 5629 2713 5685 Romana
2774 5629 3056 5699 probatam
3111 5628 3317 5684 fuisse?
3364 5627 3525 5683 Forte
3574 5627 3693 5682 haec
3727 5627 3843 5684 fuit

2242 5725 2420 5794 prima
2457 5724 2606 5793 pacis
2644 5721 2906 5782 conditio.
2952 5737 3117 5792 quam
3161 5721 3376 5776 Atticus
3406 5720 3520 5776 sedi
3563 5718 3843 5775 Romam

2242 5819 2459 5886 obtutit,
2512 5826 2565 5872 ct
2606 5827 2800 5887 prtetcr
2833 5832 2996 5887 quant
3043 5814 3286 5870 Ecclesia
3320 5813 3565 5870 Romana
3604 5814 3673 5869 ab
3711 5814 3846 5881 ipso
