3996 6340
204 351 314 408 645

1692 360 1998 419 NOTITIA.

3383 372 3491 429 6J6

200 473 343 528 tilias
382 471 584 543 exegit,
625 486 749 544 quae
791 472 1081 545 implenda:
1122 483 1300 541 erant,
1342 484 1634 546 antequam
1683 493 1797 533 suae
1825 489 1870 542 Α
1898 480 2076 535 adhuc
2105 496 2332 538 erronee
2357 482 2632 553 putaverit
2671 499 2911 541 canones
2932 487 3333 545 ecclesiasticos
3362 505 3491 560 pos-

199 563 585 619 communioni
613 565 996 621 restitueretur
1028 585 1041 620 ε
1075 565 1204 620 dum
1239 568 1383 621 enim
1417 566 1792 626 Theodoretus

201 655 419 718 scribit,
452 655 691 710 Atticum
728 676 748 709 ι
786 667 907 728 post
943 661 1145 714 multas
1191 660 1493 728 legationes
1545 676 1610 716 ac
1642 662 1793 732 pacis

200 751 503 819 petitiones
533 752 749 806 tandem
797 772 815 804 ι
854 753 923 807 ab
967 752 1409 809 Occidentalibus
1447 754 1512 809 ad
1540 770 1791 811 commu-

199 839 427 895 nionem
486 842 788 897 admissnm
850 843 1061 909 fuisse,
1119 845 1258 899 satis
1310 844 1552 909 indicat,
1609 846 1792 916 plures

200 931 460 999 utrinque
519 933 823 1001 propositas
869 931 1042 987 fuisse
1086 934 1454 999 conditiones,
1497 942 1789 1005 antequam

200 1028 349 1082 inter
380 1026 619 1081 Atticum
667 1038 720 1082 et
767 1024 1068 1081 Romanam
1104 1027 1403 1083 Et-clesiatu
1454 1030 1787 1085 conveniret.

276 1119 366 1174 18.
410 1120 583 1185 Adde,
630 1119 777 1189 quod
814 1121 914 1190 ipsi
959 1120 1266 1175 Orientales
1306 1119 1546 1175 Atticum
1593 1121 1792 1175 exhor-

198 1213 299 1267 tati
348 1212 571 1275 fuerint,
620 1221 679 1266 ut
716 1212 1102 1268 defensoribus
1149 1212 1377 1267 Joannis
1410 1213 1787 1284 Chrysostomi

197 1320 325 1361 sese
356 1306 755 1360 reconciliaret.
807 1305 864 1360 ld
904 1305 1192 1361 manifeste
1228 1306 1537 1377 colligimus
1582 1322 1646 1360 ex
1682 1304 1788 1378 Sy-

198 1412 249 1449 n‘
273 1398 380 1459 sio,
417 1397 676 1468 episcOpo
710 1397 973 1468 Cyrenteo
1001 1408 1055 1452 et
1084 1411 1306 1453 anetore
1339 1398 1675 1469 synchrono,
1693 1398 1788 1467 qui

197 1489 491 1543 occasione
544 1490 828 1559 cujusdam
871 1478 1188 1557 Alexandri,
1237 1505 1399 1561 quem
1450 1488 1507 1543 S.
1547 1488 1789 1545 Joannes

200 1579 631 1651 Cbrysostomus
670 1581 1174 1652 Basinopolitanum
1222 1584 1539 1654 episcopum
1588 1598 1787 1639 conse~

196 1679 471 1729 craverat,
498 1670 653 1739 epist.
685 1669 754 1725 66
784 1672 853 1724 ad
883 1671 1237 1739 Theotimum,
1265 1684 1391 1743 post
1420 1675 1525 1728 alia
1558 1674 1638 1729 sic
1662 1674 1791 1731 scri-

197 1760 318 1816 bit:
360 1779 381 1813 ι
416 1761 553 1816 Cum
584 1762 796 1818 Joanne
830 1765 1089 1821 defunc.o
1136 1749 1511 1822 familiaritate
1558 1766 1789 1837 conjun-

1893 571 2126 627 sessioni
2161 588 2274 628 sua:
2305 572 2504 629 favere.
2543 574 2612 627 At
2648 588 2714 628 eo
2765 583 3007 645 tempore
3043 575 3099 632 S.
3146 578 3382 650 Cyrillus
3425 579 3481 634 in

1891 662 2080 716 codem
2127 679 2312 719 errore.
2358 665 2700 728 versabatur,
2735 676 2806 731 ut
2850 676 2999 736 patet
3031 683 3095 722 ex
3139 670 3485 738 responsuris

1892 755 2040 811 illius
2089 756 2158 810 ad
2188 759 2423 812 Atticum
2453 756 2722 826 Epistola,
2771 774 2892 828 qua:
2938 761 3078 829 apud
3114 759 3484 831 Nicephorum

1891 846 2173 904 Callistum
2218 849 2310 903 lib.
2383 865 2508 915 λιν,
2547 863 2665 919 cap.
2705 848 2796 911 27,
2831 848 2912 905 sic
2957 851 3149 920 incipit
3182 868 3196 903 :
3226 871 3244 902 ι
3281 852 3483 921 Lectis,

1890 952 2012 1006 quae
2042 951 2072 991 a
2090 938 2287 1007 pietate
2309 944 2400 990 tua
2426 936 2491 990 ad
2517 951 2605 991 me
2633 935 2815 992 missae
2836 949 2986 998 sunt,
3012 938 3227 1003 litteris,
3252 938 3485 997 Joannis

1892 1042 2092 1082 nomen
2129 1027 2305 1082 sacris
2337 1027 2663 1098 inscriptum
2695 1043 2818 1084 esse
2858 1028 3055 1085 tabulis
3088 1031 3348 1087 intellexi.
3382 1032 3480 1089 Ubi

1890 1134 2020 1173 vero
2045 1134 2161 1184 eos,
2194 1119 2288 1188 qui
2314 1120 2439 1174 inde
2484 1119 2557 1173 ad
2603 1135 2705 1174 nos
2735 1135 2948 1187 venere,
2980 1122 3330 1192 interrogavi,
3374 1139 3482 1178 non

1890 1210 1945 1265 in
1989 1211 2254 1266 laicorum
2309 1211 2403 1266 sed
2452 1211 2833 1281 episcoporum
2890 1211 3136 1282 catalogo
3183 1214 3481 1283 ascriptum

1890 1317 2013 1358 esse
2037 1302 2241 1359 audivi.
2285 1301 2459 1358 Porro
2488 1303 2808 1373 despicienti
2850 1304 3002 1367 mihi,
3032 1316 3192 1373 atque
3221 1304 3272 1358 in
3299 1305 3485 1359 animo

1890 1394 2185 1465 reputanti,
2234 1410 2301 1449 an
2342 1394 2434 1464 qui
2474 1394 2580 1449 hoc
2626 1393 2824 1460 fecere,
2868 1392 3213 1449 Nieaenorum
3260 1394 3481 1450 Patrum

1890 1482 2110 1538 decreta
2158 1494 2481 1553 sequantur,
2513 1494 2566 1538 et
2599 1483 2997 1551 aliquantulum
3032 1486 3229 1540 mentis
3260 1486 3485 1541 lumini-

1889 1574 1994 1630 bus
2036 1576 2091 1629 in
2126 1591 2377 1645 magnam
2408 1575 2553 1629 illam
2600 1575 2867 1646 synodum
2903 1577 3230 1641 intendenti,
3256 1579 3482 1632 univer-

1890 1681 2013 1721 sum
2047 1675 2360 1722 sanctorum
2399 1667 2617 1721 illorum
2667 1664 2888 1720 Patrum
2919 1667 3208 1734 collegium
3246 1668 3482 1737 quibus-

1891 1757 2016 1812 dam
2044 1757 2207 1812 veluti
2238 1757 2415 1812 oculis
2456 1772 2706 1822 renuere,
2732 1766 2787 1810 et
2821 1757 3031 1811 viribus
3060 1757 3344 1821 omnibus,
3368 1772 3481 1828 quo

196 1861 323 1906 ctus
347 1863 464 1919 est;
504 1854 806 1910 honoretur
834 1856 978 1911 enim
1008 1873 1038 1911 a
1068 1857 1223 1912 nobis
1252 1860 1518 1913 memoria
1558 1858 1781 1925 mortui,
1816 1855 1858 1910 Β
1888 1848 2071 1904 minus
2097 1848 2163 1903 ad
2198 1863 2314 1903 rem
2350 1863 2471 1903 eam
2500 1848 2964 1917 comprehendam
2991 1862 3300 1912 accurram.
3332 1848 3486 1904 obsi-

196 1944 329 2012 quia
359 1946 538 1998 omnis
563 1946 941 2000 malevolentia
987 1963 1112 2002 cum
1144 1948 1247 2003 hac
1277 1948 1386 2002 vita
1424 1963 1530 2002 una
1560 1948 1788 2019 deponi-

196 2045 308 2089 tur.
352 2034 490 2091 Cum
549 2053 615 2092 eo
660 2038 1029 2095 familiaritate
1074 2041 1438 2110 conjunetus,
1493 2051 1786 2112 antequam

197 2124 460 2183 Ecclesia!
486 2130 754 2185 seditione
777 2130 1238 2198 conflictarentur,
1261 2133 1332 2187 ab
1361 2132 1508 2188 illius
1530 2134 1786 2191 manibus

194 2220 494 2290 episcopus
526 2221 838 2277 declaratus
884 2232 968 2278 est
1012 2222 1368 2296 Bithynorum
1416 2224 1783 2297 Basinopolis.

193 2310 562 2383 Posteaquam
604 2323 784 2370 autem
811 2326 930 2371 orta
956 2327 1035 2372 est
1061 2317 1357 2383 dissensio,
1389 2321 1688 2387 permansit
1710 2322 1783 2387 ei,

194 2418 228 2459 a
262 2419 375 2473 quo
405 2405 723 2475 designatus
755 2406 949 2469 fuerat.
986 2408 1219 2475 amicus,
1246 2417 1301 2463 et
1332 2408 1433 2463 fuit
1457 2425 1522 2464 ex
1552 2410 1662 2467 illis
1691 2413 1786 2482 qui

196 2494 252 2548 in
283 2495 549 2550 seditione
571 2496 693 2566 ejus
722 2506 904 2567 partes
928 2499 1100 2552 secuti
1132 2508 1280 2554 sunt.
1300 2498 1663 2572 Posteaquam
1688 2519 1788 2559 au-

194 2597 305 2641 tem
329 2588 544 2643 concilii
568 2591 833 2644 sententia
859 2589 989 2645 vicit
1014 2630 1028 2656 ,
1054 2592 1371 2662 aliquandiu
1405 2595 1625 2663 quidem
1662 2612 1788 2666 per-

194 2678 403 2734 mansit
453 2680 666 2735 seditio.
711 2680 852 2746 Quid
888 2697 1014 2735 vero
1042 2698 1257 2737 narrem
1282 2682 1495 2750 scienti,
1524 2684 1635 2740 imo
1662 2686 1783 2756 ipsi,

193 2770 293 2840 qui
328 2770 735 2825 administravit
760 2772 1194 2827 conciliationem
1225 2773 1420 2829 factam
1438 2774 1461 2827 ?
1478 2773 1784 2831 Praesertim

192 2877 322 2916 cum
345 2863 632 2930 quemdam
651 2862 892 2917 libellum
909 2862 1127 2934 legerint
1147 2864 1559 2936 doctum,quem
1573 2867 1639 2921 ad
1658 2867 1786 2923 bea-

196 2958 335 3017 tum,
372 2953 426 3005 ni
459 2951 638 3016 fallor,
669 2951 907 3008 Atticum
946 2954 1243 3018 scribebas,
1276 2955 1502 3012 hortans
1535 2958 1682 3012 illum
1717 2957 1785 3012 ad

194 3045 566 3113 receptionem
600 3045 817 3099 illorum
849 3045 1112 3108 virorum,
1140 3064 1159 3097 ι
1188 3048 1282 3117 qui
1309 3048 1562 3104 videlicet
1603 3058 1786 3120 partes

193 3132 575 3205 Chrysostomi
633 3136 1021 3206 sequebantur.
1078 3135 1239 3193 Forte
1260 3137 1495 3202 Atticus,
1530 3138 1617 3195 his
1642 3141 1788 3195 aliis-

194 3242 301 3296 que
334 3225 696 3283 Orientalium
723 3229 1025 3285 amicorum
1065 3231 1540 3286 exhortationibus
1576 3243 1782 3299 motus,
1810 3201 1855 3259 ο

193 3328 389 3387 postea
425 3319 695 3374 sinceram
724 3336 847 3375 cum
899 3321 1207 3380 fautoribus
1235 3322 1615 3396 Cbrysostomi
1649 3328 1787 3382 ami-

192 3409 382 3461 citiam
418 3409 566 3475 iniit,
601 3418 655 3464 et
679 3411 836 3480 plene
871 3411 1135 3468 satisfecit
1171 3416 1577 3472 conditionibus
1601 3458 1615 3482 ,
1649 3433 1786 3487 quas

192 3498 444 3557 ltotnana
464 3502 704 3560 Ecclesia
739 3505 807 3560 ab
835 3505 954 3576 ipso
976 3507 1245 3578 exigebat.
1280 3505 1336 3561 Si
1364 3509 1477 3564 inec
1503 3511 1785 3581 conjectu-

193 3612 255 3650 ra
295 3608 482 3651 nostra
515 3613 621 3652 non
660 3599 852 3669 placet,
881 3599 1109 3655 alteram
1143 3603 1556 3671 responsionem
1590 3605 1781 3660 oll‘ero.

268 3694 358 3749 i9.
384 3694 594 3750 Atticus
617 3712 680 3750 ex
704 3713 808 3750 una
836 3711 899 3766 pa
916 3708 994 3751 rte
1027 3713 1126 3768 per
1152 3716 1437 3755 erroneam
1468 3702 1783 3772 opinionem

193 3789 507 3850 verebatur,
552 3797 608 3843 ut
636 3788 864 3843 colendo
908 3792 1226 3845 memoriam
1261 3790 1491 3847 Joannis
1537 3793 1783 3865 Chryso-

193 3878 360 3932 stomi
398 3878 797 3935 ecclesiasticos
820 3896 1059 3936 canones
1084 3883 1217 3938 satis
1238 3894 1428 3940 exacte
1447 3885 1781 3953 observaret;

191 3988 259 4026 cx
288 3973 460 4026 altera
491 3988 618 4027 vero
649 3973 864 4028 videbat
914 3989 974 4029 se
1025 3991 1054 4029 a
1086 3978 1213 4031 sede
1260 3977 1507 4031 Romana
1563 3992 1784 4048 separa-

190 4071 336 4128 ttan,
369 4073 423 4119 ct
470 4063 766 4120 Ecclesiam
818 4066 1032 4136 magnis
1075 4069 1578 4137 perturbationibus
1613 4071 1783 4140 agita-

192 4163 329 4218 tam,
356 4171 423 4209 eo
451 4156 594 4225 quod
637 4159 956 4212 memoriam
995 4158 1373 4231 Cbrysoslomi
1398 4161 1672 4216 celebrare
1698 4177 1783 4217 re-

191 4248 590 4303 cusaret.(3um
622 4249 677 4304 in
705 4250 810 4307 hoc
836 4252 1090 4322 perplexo
1112 4269 1293 4308 rerum
1326 4262 1474 4310 statu
1507 4255 1601 4310 diu
1624 4256 1782 4311 dubi-

192 4341 561 4410 tasset,quid
612 4342 715 4396 sibi
763 4343 945 4412 potius
995 4344 1304 4400 faciendum
1349 4355 1514 4409 esset,
1562 4346 1780 4402 tandem

190 4435 536 4503 scrupulosa:
584 4448 855 4490 canonum
893 4436 1260 4492 observatimii
1306 4438 1671 4494 obedientiam
1728 4447 1784 4494 et

1891 1951 2035 1996 stere
2065 1941 2337 1997 videntur.
2376 1939 2663 2006 Quomodo
2697 1955 2935 2010 namque
2976 1942 3117 1995 inter
3164 1940 3479 1997 sacerdotes

1891 2027 1984 2084 Dei
2010 2030 2342 2095 censebitur,
2372 2030 2660 2083 illorumve
2690 2029 2827 2083 feret
2850 2038 3072 2093 sortem,
3101 2030 3189 2085 cui
3216 2031 3479 2085 saCerdo‘

1892 2120 2014 2174 talis
2047 2120 2284 2191 dignitas
2315 2122 2578 2191 abrogata
2611 2120 2732 2175 est?
2769 2118 3058 2187 Quomodo
3109 2136 3240 2175 vero
3288 2120 3342 2174 in
3392 2134 3479 2175 ca-

1891 2213 2070 2284 talogo
2104 2228 2389 2269 sacrorum
2432 2214 2810 2269 ministrorum
2841 2215 2966 2281 erit,
3008 2213 3103 2285 qui
3138 2198 3479 2269 ecclesiasti-

1895 2304 1976 2360 cis
2001 2306 2277 2361 mtenibus
2303 2306 2509 2377 ejectus
2535 2307 2657 2361 est?
2684 2324 2704 2357 ι
2741 2304 2947 2361 Omitto
2986 2307 3252 2376 reliquam
3280 2304 3337 2359 S.
3370 2304 3478 2378 Cy-

1890 2395 1999 2451 rilli
2043 2397 2351 2467 epistolam,
2416 2412 2538 2467 quae
2594 2397 2903 2452 durissimis
2936 2408 3126 2451 eontra
3150 2394 3207 2451 S.
3246 2396 3477 2467 Chrysa.-

1892 2492 2132 2540 stomum
2157 2485 2607 2556 expressionibus
2640 2501 2705 2541 ac
2733 2486 2939 2541 odiosis
2971 2487 3477 2556 comparationibus

1890 2576 2049 2647 plena
2092 2585 2199 2642 est,
2252 2587 2310 2630 ut
2356 2578 2523 2632 etiam
2578 2575 2874 2632 Facundos
2923 2573 3335 2632 llermianensis
3373 2591 3476 2647 pro

1890 2668 2206 2739 Defensione
2224 2669 2386 2721 trium
2414 2669 2769 2737 capitulorum
2802 2669 3016 2721 concilii
3034 2665 3477 2724 Chatrtdmtemts

1889 2760 1986 2816 lib.
2022 2777 2095 2827 tv,
2127 2776 2248 2831 cap.
2286 2760 2335 2826 1,
2367 2770 2491 2831 post
2527 2760 2750 2814 allatum
2791 2759 3037 2829 ejusdem
3077 2762 3320 2830 epistolae
3368 2761 3472 2816 fra-

1888 2859 2192 2923 gmentum,
2226 2851 2601 2921 conqueritur.

1959 2960 2050 3015 21.
2093 2958 2211 3015 Non
2244 2970 2328 3015 est
2358 2960 2469 3015 ullo
2504 2960 2666 3014 modo
2691 2959 3006 3024 verisimile,
3046 2959 3102 3015 S.
3153 2959 3393 3014 Atticum
3420 2959 3472 3013 in

1889 3068 1955 3108 ea
2001 3053 2258 3122 opinione
2307 3064 2710 3121 perseverasse,
2757 3066 2883 3105 cum
2936 3050 3182 3106 Ecclesia
3228 3048 3471 3105 Rontana

1890 3145 2075 3215 plures
2108 3144 2177 3200 ab
2204 3145 2322 3215 ipso
2354 3143 2591 3213 exegerit
2624 3145 2777 3214 pacis
2811 3145 3176 3208 conditiones,
3212 3153 3271 3197 ut
3309 3158 3471 3214 supra

1889 3238 2147 3292 diximus.
2177 3238 2290 3291 lmo
2329 3237 2543 3291 etiamsi
2580 3238 2747 3305 gratis
2776 3240 3157 3300 concederem,
3199 3237 3352 3291 illum
3386 3240 3470 3291 in-

1889 3340 2049 3387 caute
2076 3331 2133 3384 in
2182 3345 2253 3384 eo
2299 3344 2485 3383 errore
2515 3330 2906 3397 permansisse,
2939 3344 3007 3383 an
3040 3338 3329 3399 propterea
3365 3339 3470 3384 sta-

1891 3422 1986 3476 tim
2026 3436 2092 3476 cx
2133 3420 2256 3474 albo
2297 3429 2612 3475 sanctorum
2655 3419 3049 3489 expungendus
3091 3417 3231 3473 erit?
3271 3416 3342 3474 Ut
3390 3418 3480 3472 hic

1887 3514 1993 3568 alia
2030 3511 2465 3582 praetermittam,
2495 3509 2777 3580 quomodo
2801 3508 2854 3561 in
2874 3516 3188 3562 sanctorum
3221 3506 3471 3577 catalogo

1887 3605 2234 3674 relinquetur
2258 3602 2311 3657 S.
2343 3602 2603 3674 Cyl-illus,
2640 3601 2733 3671 qni
2765 3615 2909 3654 anno
2931 3599 3027 3652 451
3064 3597 3293 3661 γιειᾶὅὲ,
3328 3609 3469 3667 post-

1887 3714 2050 3769 quam
2076 3696 2190 3766 jam
2222 3694 2315 3750 diu
2347 3710 2545 3749 nomen
2578 3692 2636 3747 S.
2667 3692 3045 3763 Cbrysostomi
3086 3692 3363 3761 diptyehis
3393 3693 3467 3744 in-

1887 3798 2155 3853 seruerat,
2179 3796 2363 3842 tamen
2388 3786 2442 3840 in
2474 3784 2719 3854 Epistola
2754 3783 2823 3837 ad
2851 3784 3106 3838 Acacium
3139 3781 3468 3836 Beraeensem

1887 3881 1960 3935 ita
2004 3880 2196 3936 scribit
2235 3896 2247 3931 :
2288 3898 2305 3930 t
2354 3876 2487 3932 Volo
2523 3886 2705 3931 autem
2748 3887 2897 3931 tuam
2943 3876 3289 3929 sanctitatem
3343 3875 3466 3930 utili

1887 3971 2099 4044 [Lupus
2131 3981 2187 4025 ut
2228 3969 2341 4044 ille]
2371 3970 2572 4040 aliquid
2600 3982 3052 4032 commemorare,
3077 3967 3221 4037 quod
3249 3968 3313 4020 ad
3336 3982 3465 4036 prte-

1886 4081 2014 4120 sens
2040 4064 2275 4135 pertinet
2310 4072 2561 4133 tempus:
2586 4062 2805 4132 quando
2829 4059 2974 4113 enim
2998 4060 3051 4113 in
3089 4074 3283 4129 magna
3324 4058 3465 4114 Con-

1886 4155 2450 4225 stantinopolisancta
2488 4162 2667 4208 vestra
2710 4152 2954 4223 synodus
2998 4161 3324 4223 congregata
3366 4162 3469 4217 est,

1884 4255 2017 4300 tunc
2065 4246 2286 4316 quando
2326 4244 2569 4299 Joannes
2611 4251 2695 4299 est
2743 4251 3057 4308 accusatus,
3086 4242 3284 4298 deinde
3320 4252 3469 4312 gesta

1884 4349 2012 4395 sunt
2061 4354 2227 4409 super
2269 4354 2335 4393 eo
2380 4353 2408 4389 a
2463 4336 2649 4391 multis
2694 4337 2747 4390 in
2793 4336 3001 4406 scripto
3049 4338 3470 4402 commentaria,

1883 4447 2009 4488 eum
2059 4432 2302 4486 futurum
2351 4439 2517 4496 essm,
2566 4438 2624 4483 ιιι
2668 4438 2858 4483 contra
2902 4445 3027 4484 eum
3064 4430 3308 4485 definitio
3345 4447 3469 4501 pro.

189 4538 544 4579 communem
598 4525 855 4581 Ecclesia:
904 4542 1092 4597 pacem
1138 4529 1399 4597 praetulit,
1445 4539 1503 4584 ut
1552 4532 1779 4601 ipsemet
1812 4546 1855 4600 ι)
1885 4526 2138 4587 ferretur.
2181 4532 2236 4578 et
2283 4538 2459 4578 Essem
2512 4536 2613 4589 ego
2650 4537 2791 4577 unus
2824 4524 3149 4587 astantium,
3201 4524 3349 4587 seio,
3384 4539 3471 4581 me

190 4618 247 4672 in
279 4615 524 4686 Epistula
556 4616 626 4671 ad
656 4616 917 4688 Cyrillum
955 4619 1041 4675 his
1078 4622 1257 4676 verbis
1289 4622 1531 4677 declarat
1558 4641 1570 4677 :
1615 4643 1633 4676 ι
1671 4623 1779 4677 Co-

189 4708 555 4779 gitationibus
578 4710 783 4765 nostris
810 4710 874 4764 ad
905 4711 1092 4781 populi
1122 4712 1474 4767 concordiam
1508 4713 1776 4780 inclinati,

189 4799 500 4855 canovtibus
528 4800 744 4869 quidem
784 4799 1009 4855 Patrum
1044 4801 1433 4857 detrimentum
1461 4803 1669 4858 nullum
1699 4803 1781 4858 af—

190 4891 457 4958 ferimus;
488 4902 691 4947 exactae
717 4902 897 4947 autem
945 4895 1235 4947 verborum
1265 4894 1633 4949 observationi
1664 4897 1780 4950 uni-

192 4987 337 5041 versi
369 4986 519 5040 orbis
542 5002 729 5057 pacem
770 4986 1131 5057 praeferimus.
1166 5006 1184 5040 ι
1227 4986 1428 5043 Deinde
1448 4989 1777 5058 quibusdam

189 5077 458 5148 exemplis
504 5078 715 5147 probat,
757 5078 1051 5149 aliquando
1089 5080 1160 5134 ob
1192 5080 1513 5134 cbaritatem
1539 5090 1634 5135 aut
1674 5099 1775 5152 pu-

191 5167 391 5221 blicam
449 5167 768 5232 utilitatem,
823 5168 890 5223 de
937 5169 1224 5223 severitate
1278 5170 1774 5229 ecclesiasticarum

191 5258 646 5314 constitutionum
677 5259 883 5328 aliquid
922 5259 1309 5314 remittendum
1345 5276 1488 5316 esse.

253 5347 349 5402 20.
397 5346 537 5401 Tota
575 5347 741 5417 igitur
789 5349 847 5402 S.
890 5348 1051 5404 Attici
1100 5350 1260 5420 culpa
1303 5350 1357 5404 in
1397 5366 1463 5405 co
1502 5351 1773 5419 consistit,

188 5440 334 5510 quod
367 5447 492 5509 post
523 5440 835 5493 restitutam
865 5437 922 5496 S.
950 5439 1325 5512 Chrysostomi
1358 5442 1677 5497 memoriam
1707 5444 1774 5513 (si

190 5541 373 5584 tamen
413 5530 527 5583 lucc
556 5526 722 5583 fuerit
740 5526 975 5599 perfecta
1002 5540 1055 5584 ct
1076 5531 1262 5586 uleima
1303 5531 1581 5586 memoriae
1602 5532 1774 5605 Cbry-

190 5624 544 5679 sustomianze
600 5624 906 5689 resdtutio,
942 5610 1148 5694 de'qua
1204 5640 1261 5680 re
1309 5626 1472 5696 paulo
1523 5613 1785 5696 superius

192 5731 342 5771 unm.
372 5714 441 5769 l7
468 5715 884 5790 disputavimus)
931 5717 1172 5772 ttOndttttt
1228 5722 1455 5774 omnino
1492 5721 1773 5778 convictus

194 5808 357 5866 fuerit
401 5809 471 5867 de
513 5809 716 5883 injusta
771 5810 828 5869 S.
879 5812 1254 5883 Chrysostomi
1309 5813 1664 5883 depositio:.e,
1719 5824 1772 5870 et

1894 4617 2116 4672 audisse
2141 4617 2487 4672 sanctitatem
2525 4624 2673 4670 tuam
2710 4615 3134 4686 sanctzesyuodo
3172 4616 3252 4670 sic
3286 4616 3466 4671 dicen-

1886 4720 1993 4765 tem
2036 4709 2222 4773 :Quia
2271 4710 2317 4761 si
2372 4706 2593 4774 scirem,
2645 4706 2785 4777 quod
2824 4723 2995 4769 nunc,
3049 4705 3095 4757 si
3136 4703 3341 4758 Joanni
3382 4721 3438 4758 re

1886 4802 2028 4854 nium
2054 4800 2392 4871 largiremur,
2438 4798 2627 4852 melior
2651 4798 2798 4865 ﬁeret
2834 4797 3131 4864 semetipso,
3173 4806 3220 4848 et
3264 4796 3465 4848 retetle-

1885 4903 1960 4946 ret
2005 4909 2036 4945 a
2074 4892 2280 4945 duritia
2335 4900 2384 4945 ct
2432 4889 2740 4958 asperitate,
2785 4902 2901 4956 qua:
2947 4886 2999 4937 in
3032 4902 3090 4937 eo
3130 4896 3229 4949 cst,
3287 4900 3465 4939 omnes

1883 5002 1971 5039 ros
2049 5000 2315 5055 rogassem
2374 4998 2468 5050 pro
2527 4998 2608 5037 co.
2677 4977 3026 5033 Admirabilis
3102 4992 3230 5047 ergo
3301 4976 3463 5031 etiam

1880 5078 2026 5133 circa
2071 5079 2173 5131 hoe
2208 5078 2404 5131 iterum
2429 5073 2673 5144 iudicata
2704 5082 2788 5126 est
2826 5070 3086 5125 sanctitas
3124 5079 3235 5131 tua,
3264 5069 3464 5140 quippe

1883 5179 1940 5223 ιιι
1985 5186 2109 5241 quae
2159 5169 2357 5224 dixerit
2398 5167 2703 5220 veritatem.
2753 5162 2894 5231 Quid
2957 5163 3124 5233 igitur
3175 5161 3464 5230 oportebat

1879 5272 2124 5317 sanctam
2155 5260 2422 5334 synodum
2459 5257 2658 5321 facere,
2694 5272 2815 5326 quae
2840 5255 3269 5323 impmnitentem
3298 5261 3352 5307 et
3380 5252 3463 5309 sic

1878 5354 2212 5424 pertinacem
2253 5350 2454 5421 reperit
2490 5350 2642 5404 illum
2666 5389 2680 5409 .
2712 5349 2806 5417 qui
2843 5355 3003 5401 ret-tte
3038 5343 3161 5399 fidei
3193 5361 3461 5415 repugna-

1876 5444 1994 5500 vit?
2033 5464 2049 5496 ι
2092 5442 2242 5497 lianc
2282 5441 2341 5497 S.
2369 5441 2555 5513 Cyr-illi
2592 5439 2874 5508 epistolam
2923 5439 3064 5491 inter
3111 5437 3248 5492 alias
3278 5438 3459 5493 vario-

1878 5553 1998 5591 rum
2029 5535 2275 5599 Patrum,
2322 5533 2387 5587 atl
2435 5532 2729 5585 concilium
2763 5528 3094 5599 Epltesinum
3124 5540 3455 5599 spectantes,

1874 5628 2222 5683 Christianus
2272 5624 2456 5694 Lupus
2518 5623 2742 5676 Lovanii
2770 5638 2915 5676 anno
2969 5620 3128 5689 1682,
3152 5636 3272 5690 cap.
3301 5620 3390 5689 56,
3423 5639 3457 5680 a

1876 5737 1997 5792 pag.
2060 5717 2162 5773 19.9
2206 5718 2390 5780 edidit,
2443 5725 2495 5769 et
2542 5714 2852 5785 Stephanus
2889 5714 3139 5770 Baluzius
3192 5714 3245 5768 in
3299 5710 3454 5770 Nova

1875 5811 2235 5870 Conciliorunt
2265 5808 2592 5878 collectione,
2630 5825 2726 5864 seu
2772 5808 3144 5881 Supplementa
3167 5805 3237 5862 ad
3260 5807 3452 5863 collec-
