4026 6342
514 341 618 399 647

1716 336 1768 389 S.
1814 331 2045 391 ATTlCl
2080 332 2185 387 ΟΡ.
2232 332 2563 390 EPISCOPI.

3663 333 3766 389 618

510 460 706 509 tionem
733 448 959 511 Philippi
976 446 1189 512 Labbci,
1208 446 1431 505 Parisiis
1449 462 1594 503 anno
1618 447 1778 514 £707,
1801 464 1830 504 a
1852 447 2093 513 col.758,
2124 454 2167 510 Λ
2196 450 2359 505 etiam
2392 451 2623 505 libenter
2664 449 2913 514 admitto,
2954 460 3012 504 ut
3043 447 3099 504 S.
3145 447 3408 521 Cyrillum
3437 448 3505 503 de
3528 450 3768 518 pertina-

512 545 741 599 rec-tdit.
773 541 859 593 ubi
892 540 1145 593 utrolibet
1169 540 1292 594 loco
1316 540 1522 610 integra
1539 539 1642 608 legi
1674 549 1873 608 potest.

586 634 659 686 22
725 631 794 683 Εκ
845 639 961 683 toto
1017 631 1178 698 hujus
1227 631 1471 698 epistolae
1523 640 1782 684 contextu
1828 639 2084 700 apparet,

514 726 655 787 quod
694 723 930 789 Cyrillus
954 722 1154 776 Acacio
1185 723 1514 790 persuadere
1538 723 1740 789 cupiat.
1772 721 2085 778 Nestorium

516 821 633 868 luet"
660 815 929 868 s‘arcbatn
950 814 1077 881 jure
1108 813 1305 867 merito
1341 813 1761 870 condemnatum
1801 815 1989 895 fuisse.
2019 815 2089 871 Ut

512 919 688 960 autem
727 909 775 959 id
801 907 1004 959 clarius
1025 909 1233 974 probet,
1261 905 1402 960 inter
1429 906 1536 960 alia
1559 907 1751 977 allegat
1778 908 2085 976 exemplum

511 997 739 1051 Joannis
776 997 1177 1066 Chrysostomi,
1211 1005 1374 1067 atque
1406 1013 1436 1052 a
1471 998 1635 1052 simili
1674 1007 2088 1068 argumentatur

516 1090 566 1141 in
607 1088 750 1142 b'unc
794 1086 905 1141 fere
952 1088 1171 1142 modum
1220 1105 1233 1139 :
1278 1087 1519 1143 Joannes
1560 1087 1988 1160 Cbrysostomus
2031 1088 2086 1142 in

514 1189 698 1233 sancta
730 1181 934 1249 synodo
966 1180 1032 1232 ad
1053 1179 1325 1244 Quercum
1360 1181 1429 1234 ab
1467 1182 1783 1249 episcopatu
1808 1181 2087 1249 depositus

514 1286 595 1327 ost
650 1276 721 1327 ob
767 1274 1022 1325 duritiam
1072 1282 1126 1326 et
1163 1277 1508 1342 asperitatem
1566 1275 1688 1344 (sic
1736 1276 2087 1330 adversantes

514 1380 700 1420 sant-tn
730 1366 943 1432 przesuli
973 1365 1226 1418 invictam
1263 1366 1384 1434 ejus
1413 1369 1775 1421 constantiam
1803 1382 2083 1436 perperam

514 1473 648 1526 appc
674 1458 873 1527 labant)
903 1472 929 1508 a
951 1472 1052 1524 qua
1074 1456 1249 1525 ipsum
1289 1473 1568 1527 nunquam
1587 1473 1924 1512 recessurum
1946 1459 2087 1511 Aca-

513 1566 630 1603 etus
679 1564 801 1603 vere
853 1548 1192 1617 praedixerat.
1249 1550 1358 1603 Cur
1403 1551 1566 1620 igitur
1610 1560 1798 1604 sancta
1847 1552 2086 1619 synodus

514 1639 785 1708 Ephesina
821 1654 936 1691 non
982 1639 1326 1708 deposuisset
1361 1643 1673 1695 Nestorium
1711 1642 1780 1694 ob
1814 1641 2085 1705 hatresim,

512 1744 671 1797 quam
707 1728 1054 1797 pertinaciter
1095 1731 1519 1799 prepugnabat?
1550 1731 1619 1784 At
1651 1732 1860 1785 videtur
1893 1730 1949 1785 S.
1984 1731 2087 1801 Cy-

2195 541 2276 596 cia
2301 543 2517 597 erronei
2557 551 2610 597 et
2647 542 2818 612 iniqui
2848 542 2930 596 sui
2966 541 3156 611 judicii
3189 554 3468 595 excusem.
3499 538 3569 595 At
3598 537 3767 595 vicis-

2194 631 2297 683 sim
2326 631 2505 697 exigo,
2543 640 2601 685 ut
2631 634 2818 685 eadem
2854 631 3038 701 regula
3073 631 3125 683 in
3158 632 3213 683 S.
3248 630 3426 685 Attico
3450 630 3635 684 locum
3672 629 3772 685 ba-

2195 721 2337 775 beat.
2400 718 2455 774 Si
2523 721 2690 789 igitur
2750 722 2965 777 Atticus
3032 722 3276 775 notidum
3342 721 3477 775 satis
3546 730 3774 775 noverat

2193 810 2509 879 injustitiam
2538 813 3031 883 Chrysostomianze
3046 814 3527 875 exauctorationis,
3546 814 3773 881 quando

2194 904 2261 958 ad
2305 902 2363 959 S.
2400 904 2662 974 Cyrillum
2694 905 2989 967 scribebat,
3041 906 3257 959 dicatur
3293 904 3592 959 secundum
3623 903 3773 957 hanc

2194 993 2522 1050 Tillemontii
2559 997 2820 1067 regulam,
2870 1012 3035 1066 quam
3096 997 3267 1066 probo
3325 1003 3379 1050 et
3442 995 3764 1065 amplector,

2193 1088 2531 1157 iniquitatem
2558 1089 2715 1143 istius
2724 1089 2917 1157 judicii
2948 1100 3135 1159 postea
3165 1089 3474 1158 agnovisse,
3511 1087 3767 1158 quamvis

2194 1181 2402 1249 antiqui
2447 1181 2744 1250 scriptorcs
2789 1197 2907 1236 eam
2949 1181 3195 1236 notitiam
3235 1180 3378 1234 clare
3401 1180 3466 1233 ad
3515 1188 3765 1250 posteros

2193 1286 2300 1326 non
2360 1273 2782 1326 transmiserint.
2841 1272 3150 1327 Secundum
3198 1287 3281 1335 ea,
3341 1285 3461 1339 quze
3514 1269 3767 1337 superius

2192 1364 2450 1426 diximus,
2483 1363 2618 1417 forte
2639 1380 2703 1417 eo
2733 1372 2973 1433 tempore
2998 1364 3212 1417 Atticus
3238 1368 3478 1415 nondum
3505 1375 3623 1416 sese
3648 1374 3770 1413 om-

2192 1456 2323 1509 niuo
2378 1471 2502 1510 cum
2553 1454 2795 1510 Romana
2836 1456 3077 1511 Ecclesia
3116 1454 3583 1518 recontiliaverat,
3618 1452 3767 1524 quod

2194 1555 2372 1601 tamen
2407 1550 2752 1616 postmodum
2788 1548 2987 1614 effecit,
3024 1548 3131 1603 etsi
3162 1546 3459 1617 perlectam
3494 1546 3636 1600 illius
3673 1559 3766 1598 re-

2193 1637 2631 1692 conciliationem
2670 1638 2969 1708 antiquitas
3015 1638 3217 1692 diserte
3266 1653 3371 1691 non
3410 1634 3762 1705 expresserit.

2194 1723 2348 1779 llaud
2402 1726 2564 1781 dubie
2615 1728 2789 1796 prima
2840 1737 2934 1781 aut
2989 1727 3258 1796 praecipua
3319 1727 3467 1797 pacis
3523 1725 3766 1779 conditio

512 1822 666 1875 rillus
694 1824 795 1875 hoc
823 1822 1111 1874 ratiocinio
1136 1823 1385 1884 innuere,
1410 1827 1555 1892 quotl
1588 1833 1719 1878 tunc
1747 1824 1987 1878 nondum
2018 1826 2085 1877 de
2118 1804 2158 1861 Β
2187 1816 2310 1880 fuit.
2341 1826 2398 1872 ut
2427 1834 2621 1873 nomen
2647 1817 2704 1875 8.
2730 1818 3105 1889 Cltrysostomi
3130 1819 3401 1889 diptycbis
3436 1816 3767 1870 insrribere-

511 1910 775 1977 injustltia
827 1910 1328 1980 Cluysostomianaa
1392 1914 1750 1982 depositionis
1804 1916 2086 1970 convictus

518 2011 699 2066 esset;
735 2002 778 2055 si
818 2002 961 2053 enim
995 2003 1360 2058 innocentiam
1384 2002 1439 2058 S.
1467 2004 1840 2076 Chrysostomi
1871 2023 1937 2060 eo
1962 2020 2089 2060 tem-

512 2105 643 2160 pore
687 2092 1017 2159 agnovisset,
1053 2108 1217 2162 quam
1261 2095 1365 2149 vim
1402 2097 1621 2150 haberet
1647 2096 1765 2164 ejus
1794 2113 2086 2166 argumen-

511 2180 679 2235 tatio?
704 2180 987 2246 Quomodo
1033 2184 1354 2238 invidiosam
1395 2185 1535 2239 inter
1559 2186 1866 2240 Nestorium
1912 2188 2085 2240 haere-

512 2272 676 2326 tieum
709 2283 763 2326 et
786 2272 844 2326 S.
868 2271 1129 2328 Joannem
1152 2274 1603 2346 Chrysostomum
1623 2278 2086 2347 comparationem

510 2361 853 2415 institueret?
893 2362 1180 2427 Quomodo
1221 2366 1457 2435 denique
1496 2367 1910 2437 iniquissinum
1962 2384 2088 2423 con-

509 2454 822 2507 ciliabulum
866 2454 934 2507 ad
975 2453 1273 2522 Quercum,
1323 2457 1375 2511 in
1422 2473 1533 2527 quo
1568 2457 1626 2513 S.
1665 2458 2087 2529 CltrySOstomus

513 2544 657 2601 falso
684 2554 975 2600 accusatus
1010 2562 1075 2600 ac
1111 2547 1401 2605 damnatus
1453 2549 1661 2618 fuerat,
1707 2551 1795 2605 hic
1827 2567 1855 2605 a
1886 2550 2090 2624 Cyrillo

520 2655 541 2689 ι
587 2647 775 2692 sancta
800 2639 1040 2707 synodus
1072 2657 1091 2689 ι
1119 2650 1425 2708 vocaretur,
1453 2650 1505 2696 et
1534 2658 1657 2697 cum
1684 2652 1874 2698 sancto
1900 2644 2087 2700 conci-

516 2727 593 2784 lio
625 2727 902 2799 Ephesino
938 2733 1383 2800 compararetur?

580 2823 674 2877 23.
726 2820 805 2876 Ex
861 2822 945 2877 his
988 2825 1286 2878 secundum
1346 2825 1666 2879 sententiam
1718 2826 2085 2883 Tillemontia-

520 2929 646 2969 nam
677 2914 875 2967 inferre
904 2928 1141 2983 possem,
1167 2930 1364 2968 nomen
1399 2915 1609 2986 Cyr-illi,
1638 2932 1791 2985 aeque
1813 2933 1877 2971 ac
1902 2919 2088 2982 Attici,

508 3021 575 3061 ex
604 3005 987 3060 ecclesiasticis
1032 3005 1232 3059 tabulis
1253 3005 1537 3060 delendum
1578 3022 1720 3073 esse,
1763 3024 1885 3061 cum
1916 3008 2090 3079 Cyril-

510 3096 593 3150 his
634 3095 689 3148 in
730 3094 832 3147 hac
861 3094 1093 3162 cpistola
1127 3095 1364 3149 nondum
1390 3106 1648 3165 agnoscat
1677 3096 1952 3165 injuriam,
1980 3112 2088 3168 qua

512 3189 571 3243 S.
628 3187 891 3241 Jomtnem
953 3187 1403 3257 (lbrysostomnm
1454 3186 1724 3252 allecerat,
1772 3205 1872 3243 nec
1916 3191 2086 3245 ullum

514 3279 603 3332 hic
629 3278 867 3346 praebeat
894 3276 1224 3345 ptenitentia.
1248 3276 1532 3339 indicium,
1568 3278 1638 3332 ob
1671 3294 1831 3347 quam
1863 3297 2086 3337 causam

509 3367 889 3422 Tillemontius
916 3376 1064 3421 tomo
1101 3366 1196 3420 ΧΠ
1228 3366 1555 3422 Momtment.
1600 3371 1783 3426 eccles.
1826 3388 1949 3444 pag.
1980 3373 2086 3428 416

505 3466 561 3512 et
617 3456 724 3511 425
765 3457 1004 3511 Atticum
1065 3457 1338 3526 praecipue
1379 3459 1742 3527 reprehendit,
1788 3478 2020 3533 eumque
2056 3480 2087 3520 e

507 3549 754 3617 catalogo
805 3556 1117 3603 sanctorum
1168 3551 1446 3618 expungit.
1496 3549 1552 3604 Si
1600 3551 1762 3621 igitur
1801 3563 2085 3623 propterea

504 3639 741 3693 Atticum
774 3638 896 3693 albo
930 3647 1243 3693 sanctorum
1280 3638 1489 3701 eradat,
1521 3656 1618 3695 cur
1649 3641 1704 3694 in
1733 3658 1798 3696 eo
1826 3642 2082 3714 Cyrillum

504 3730 793 3799 relinquit?
825 3729 904 3785 Ne
952 3730 1038 3786 bis
1082 3730 1289 3784 diutius
1335 3731 1614 3795 immorer,
1662 3734 1884 3788 unicum
1923 3734 2082 3791 Tille-

504 3821 710 3876 montio
740 3822 994 3876 dilemma
1032 3837 1299 3892 propono.
1332 3820 1570 3893 Cyrillus
1607 3838 1893 3879 erroneam
1927 3843 2082 3882 suam

504 3915 571 3968 de
609 3914 951 3985 depositione
979 3913 1037 3969 S.
1073 3915 1452 3987 Chrysostomi
1488 3916 1807 3985 Opinionem
1842 3930 1965 3988 post
1996 3921 2087 3975 da-

501 4010 585 4055 tas
630 4002 694 4056 ad
738 4002 997 4058 Acacium
1039 4004 1249 4060 litteras
1290 4004 1372 4059 vel
1421 4007 1759 4072 retractavit,
1799 4009 1880 4063 vel
1926 4011 1978 4063 in
2019 4027 2082 4066 ea

504 4109 680 4165 usque
709 4094 778 4149 ad
808 4106 1040 4149 mortem
1072 4096 1388 4165 permansit.
1426 4094 1482 4150 Si
1507 4098 1634 4152 velit
1664 4100 1924 4168 primum,
1957 4118 2084 4171 pro-

501 4183 641 4240 ferat
684 4195 937 4242 auctores
984 4186 1088 4241 ﬁde
1127 4188 1343 4258 dignos,
1377 4198 1471 4243 aut
1510 4189 1625 4259 ipsa
1656 4191 1845 4261 Cyrilli
1878 4195 2080 4264 scripta

503 4277 561 4331 in
588 4278 785 4346 quibus
815 4293 879 4332 ea
917 4281 1227 4333 retractatio
1259 4296 1514 4351 expresse
1536 4285 1764 4353 legatur.
1793 4284 1993 4341 Saltem
2025 4290 2079 4344 in

507 4366 658 4420 Actis
683 4365 739 4420 S.
774 4367 986 4437 Cyrilli,
1022 4386 1143 4438 qua:
1190 4381 1336 4425 tonio
1376 4372 1496 4426 XIV
1528 4373 1859 4433 Monument.
1891 4381 2075 4435 ccc/es.

2114 3147 2156 3205 C

2191 1918 2298 1971 tur,
2320 1916 2516 1978 prmter
2540 1924 2702 1978 quam
2742 1910 3038 1963 secundum
3063 1924 3225 1978 supra
3253 1909 3396 1962 dicta
3423 1907 3630 1961 Atticus
3655 1904 3768 1961 ad-

2190 2001 2298 2054 huc
2321 2002 2456 2054 alias
2486 2002 2708 2070 implere
2729 2002 2937 2067 debuit,
2969 2004 3034 2057 de
3051 2002 3251 2072 quibus
3276 2001 3343 2055 ab
3376 2001 3494 2070 ipso
3526 2000 3767 2069 impletis

2189 2101 2398 2147 veteres
2440 2093 2682 2148 historici
2722 2112 2826 2148 non
2876 2094 3261 2149 meminerunt.
3308 2093 3574 2148 Cteterum
3624 2093 3767 2145 dun-

2192 2191 2342 2236 taxat
2383 2198 2536 2252 rogo,
2573 2193 2631 2238 ut
2666 2183 2724 2239 S.
2758 2185 2993 2256 Cyrillns
3028 2196 3080 2239 et
3104 2184 3161 2240 S.
3196 2186 3407 2240 Atticus
3438 2184 3593 2254 juxta
3624 2184 3768 2238 hanc

2191 2272 2667 2329 Tillemontianam
2702 2279 2942 2347 regulam
2975 2277 3260 2347 aequaliter
3281 2276 3617 2345 judicentur.

2258 2366 2349 2421 25.
2391 2364 2509 2421 Non
2542 2368 2713 2431 video,
2746 2372 3023 2437 quomodo
3055 2370 3185 2424 hinc
3214 2369 3445 2425 evadere
3474 2367 3647 2437 possit
3674 2367 3767 2420 ad—

2189 2456 2488 2519 versarius,
2522 2455 2922 2526 nisicoal‘ngiat
2951 2458 3016 2511 ad
3054 2457 3280 2511 alteram
3315 2455 3575 2526 regulam,
3599 2467 3766 2522 quam

2190 2555 2341 2601 tomo
2387 2546 2433 2600 Χ
2478 2545 2807 2601 Μοηηιηεηι.
2838 2548 3023 2601 eccles.
3080 2564 3199 2618 pag.
3241 2548 3339 2602 5M
3386 2546 3490 2601 sibi
3536 2544 3770 2610 aliisque
3806 2594 3811 2601 .

2190 2640 2514 2709 prmscribit,
2549 2650 2602 2695 et
2635 2656 2743 2708 qua
2767 2638 2994 2694 dubiant
3019 2639 3264 2695 Flaviani
3292 2636 3610 2693 Antiocheni
3635 2651 3769 2689 san-

2190 2732 2436 2787 ctitatem
2476 2733 2553 2786 ita
2583 2732 2822 2787 vindicat
2853 2752 2865 2787 :
2909 2752 2926 2784 ι
2967 2733 3133 2803 igitur
3164 2732 3452 2788 dicendum
3490 2739 3592 2797 est,
3619 2727 3769 2800 quod

2191 2824 2431 2879 Ecclesia
2479 2824 2664 2878 Graeca
2712 2824 2989 2895 antiquam
3035 2825 3380 2879 traditionem
3427 2832 3612 2879 secuta
3662 2826 3765 2888 sit,

2191 2918 2405 2986 quando
2440 2918 2586 2970 illum
2630 2937 2646 2967 ι
2691 2917 2918 2989 (scilicet
2951 2916 3290 2979 Flavianum,
3317 2916 3385 2971 de
3410 2931 3518 2985 quo
3547 2916 3767 2986 ibiagit)

2199 3028 2215 3058 ι
2254 3010 2472 3079 publico
2511 3010 2658 3062 cultu
2706 3017 3010 3063 veneratur.
3047 3009 3203 3073 Quod
3252 3008 3299 3062 si
3345 3007 3401 3061 in
3430 3009 3549 3076 ejus
3594 3006 3769 3077 gestis

2192 3112 2481 3156 occurrant
2534 3102 2750 3170 aliqua,
2805 3116 2925 3170 qtne
2979 3116 3121 3173 :rgre
3172 3102 3427 3154 videntur
3475 3099 3764 3155 conciliari

2190 3208 2348 3262 posse
2371 3210 2493 3247 cum
2522 3209 2585 3262 sp
2611 3194 2713 3247 ritu
2733 3193 3038 3255 charitatis,
3065 3192 3158 3263 qui
3179 3193 3330 3247 solus
3348 3203 3563 3247 sanctos
3582 3191 3768 3254 elﬁcit,

2190 3284 2507 3339 meminisse
2540 3293 2771 3354 Oportet.
2812 3300 2911 3339 nos
2945 3300 3067 3341 esse
3099 3285 3374 3350 homines,
3406 3286 3568 3341 nimis
3598 3286 3769 3341 debili

2191 3393 2255 3431 ac
2274 3378 2420 3431 tenui
2457 3377 2662 3431 lumine
2705 3377 3026 3437 illustratos.
3065 3392 3123 3433 ut
3158 3378 3226 3437 de
3250 3378 3505 3433 humanis
3527 3378 3770 3434 actioni—

2189 3467 2291 3522 bus
2312 3484 2610 3537 earumque
2647 3468 3078 3525 circumstantiis
3110 3481 3253 3525 recte
3279 3470 3608 3539 judicemus.
3649 3491 3667 3522 ι
3693 3472 3772 3527 At

2188 3559 2433 3630 nunquid
2465 3560 2566 3615 hoc
2607 3561 2826 3615 axioma
2856 3577 3009 3630 teque
3041 3561 3183 3617 favet
3214 3563 3411 3627 Attico,
3441 3578 3603 3634 quam
3640 3564 3772 3618 Fla-

2187 3651 2380 3706 viano?
2416 3649 2605 3705 Nonne
2647 3652 2809 3705 etiam
2856 3651 2945 3705 hic
3010 3652 3115 3707 dici
3163 3663 3358 3722 potest,
3405 3655 3550 3723 quod
3589 3655 3770 3710 Graeci

2188 3742 2349 3807 (addo
2379 3756 2595 3810 quoque
2624 3740 2845 3797 Latinos
2878 3744 3141 3813 quosdam
3172 3745 3584 3818 Martyrologos)
3619 3750 3773 3803 anti-

2186 3848 2348 3902 quam
2385 3833 2729 3887 traditionem
2765 3834 2937 3890 secuti
2978 3836 3111 3900 sint,
3140 3837 3268 3892 dum
3315 3839 3553 3897 Atticum
3587 3843 3771 3898 sacris

2186 3925 2302 3980 suis
2342 3923 2522 3978 Fastis
2567 3924 2951 3980 inseruerunt?
2997 3926 3174 3983 Verbo
3211 3945 3338 3993 uno,
3373 3933 3635 4002 quidquid
3665 3935 3771 3989 ad-

2185 4016 2461 4071 versarius
2501 4016 2589 4071 hic
2620 4017 2839 4081 dixerit,
2873 4034 2974 4073 nos
3001 4020 3191 4075 eodem
3223 4021 3288 4075 de
3320 4022 3498 4077 Attico
3519 4024 3766 4080 alIirtna-

2185 4104 2384 4158 bimus.
2422 4103 2582 4158 Certe
2625 4105 2669 4159 si
2706 4103 3083 4163 Tillemontius
3113 4111 3338 4165 traditas
3373 4127 3402 4165 a
3443 4128 3502 4167 se
3543 4116 3767 4185 regulas

2182 4197 2545 4263 observasset,
2584 4205 2690 4251 tam
2742 4198 2937 4253 durutn
2986 4217 3051 4257 ac
3095 4205 3440 4259 temerarium
3489 4207 3765 4276 judicium

2183 4304 2291 4341 non
2324 4291 2535 4344 tulisset
2558 4290 2623 4342 de
2652 4292 2913 4356 przeclaro
2939 4293 3073 4359 viro,
3115 4312 3274 4365 quem
3306 4299 3602 4368 antiquitas
3638 4318 3765 4355 ma-

2184 4379 2303 4447 gnis
2352 4383 2636 4435 exornavit
2680 4381 2952 4446 laudibus,
2983 4402 3215 4456 quarum
3261 4388 3348 4443 hic
3383 4393 3677 4447 nonnullas
3706 4394 3763 4448 in

503 4473 533 4511 ει
562 4472 683 4526 pag.
731 4457 833 4510 267
868 4473 1041 4526 usque
1081 4460 1145 4512 ad
1183 4460 1285 4515 676
1310 4480 1374 4517 ex
1411 4458 1681 4520 veteribus
1720 4471 2076 4539 scriptoribus
2109 4491 2154 4545 ι)
2183 4470 2411 4538 gratiam
2445 4474 2742 4530 adversarii
2770 4477 3399 4547 brevitercongeretuus.

501 4547 717 4616 copiose
748 4547 1062 4615 illustravit,
1094 4551 1300 4605 nullum
1344 4555 1511 4623 hujus
1544 4562 1943 4616 retractationis
1993 4572 2075 4618 te-

500 4651 636 4695 stem
688 4640 952 4696 bactenus
1002 4642 1273 4710 produxit.
1310 4644 1366 4699 Si
1399 4649 1692 4701 secundam
1747 4652 2077 4711 dilemmatis

497 4735 707 4796 partem
735 4729 917 4798 eligat.
960 4732 1232 4800 sequitur,
1273 4734 1416 4789 hunc
1459 4736 1754 4792 innocuum
1779 4740 1962 4805 Cyrilli
1991 4760 2077 4799 er-

499 4834 677 4873 rorem
718 4822 996 4875 sanctitati
1020 4823 1141 4888 ejus
1169 4839 1277 4878 non
1308 4824 1541 4881 allicere.

567 4914 659 4967 24.
704 4913 807 4966 Sed
834 4913 970 4969 forte
994 4915 1375 4973 Tillemontius
1399 4921 1498 4975 hoc
1520 4921 1776 4978 dilemma
1803 4926 2075 4985 declinare

496 5006 785 5058 conabitur
842 5010 1171 5063 recurrendo
1225 5011 1291 5064 ad
1342 5014 1581 5083 regulam
1635 5018 1855 5083 criticzc,
1908 5038 2072 5093 quam

497 5103 646 5148 tomo
690 5094 808 5148 XIV
858 5094 1396 5156 Monument.eccles.
1444 5119 1567 5175 pag.
1607 5105 1707 5162 798
1735 5110 1813 5164 sic
1852 5111 2015 5166 tradit
2056 5130 2070 5166 :

500 5202 520 5235 ι
554 5184 807 5240 Historici
842 5197 950 5242 tam
1000 5190 1311 5259 frequenter
1341 5195 1601 5252 omittunt
1641 5215 1728 5254 res
1756 5202 2072 5259 verissimas

494 5285 549 5329 et
581 5277 873 5346 aliquando
899 5281 1137 5335 maxime
1170 5286 1573 5351 memorabiles,
1607 5299 1667 5343 ut
1702 5292 2071 5358 periculosum

494 5366 588 5431 sit,
613 5383 678 5422 ex
709 5386 896 5424 eorum
917 5373 1134 5427 silentio
1149 5382 1326 5429 certas
1342 5378 1726 5435 conclusiones
1743 5383 2029 5442 deducere.
2045 5403 2067 5438 ι

498 5452 634 5512 llinc
661 5457 875 5524 inferet,
907 5459 963 5514 S.
1003 5461 1261 5533 Cyrillum
1304 5476 1488 5532 postea
1513 5471 1891 5527 verosimiliter
1920 5490 2071 5530 erro-

498 5563 608 5601 rem
651 5565 810 5603 suum
852 5553 1141 5620 agnovisse
1176 5569 1241 5609 ac
1287 5565 1630 5621 retractassc,
1676 5562 1888 5616 etiamsi
1926 5566 2066 5635 apud

497 5637 673 5708 ipsum
700 5639 756 5696 S.
794 5642 1055 5714 Cyrillum
1090 5655 1184 5699 aut
1217 5645 1355 5701 alios
1387 5648 1643 5718 antiquos
1678 5652 1978 5723 scriptores
2014 5658 2065 5710 id

497 5744 608 5788 non
637 5729 899 5801 legamus.
951 5734 1148 5788 Totum
1200 5736 1343 5790 istud
1390 5738 1559 5805 probe
1602 5739 1861 5811 intelligo,
1903 5755 2066 5815 atque

2253 4557 2342 4611 26.
2387 4559 2657 4629 Imprimis
2702 4563 2759 4619 S.
2805 4563 3040 4637 Cyrillus
3080 4569 3480 4625 Alexandrinus
3547 4571 3599 4625 iu
3634 4571 3768 4641 Epi-

2179 4649 2316 4702 stola
2339 4656 2405 4704 ad
2422 4652 2636 4707 clericos
2662 4654 3452 4731 Constantinopolitanos,apud
3476 4662 3761 4721 Labbeum

2179 4751 2327 4795 tomo
2351 4740 2418 4793 ΙΙΙ
2456 4742 2834 4813 Conciliorum,
2872 4750 2977 4804 col.
3020 4751 3145 4817 385,
3181 4752 3249 4807 de
3283 4752 3534 4808 Nestorio
3575 4756 3643 4809 ita
3683 4757 3769 4811 in-

2180 4839 2449 4903 terrogat:
2473 4855 2489 4886 σ
2512 4835 2768 4907 Nunquid
2790 4843 3015 4911 aequalis
3040 4843 3121 4897 vel
3151 4846 3445 4914 sapientior
3475 4858 3559 4901 est
3596 4848 3763 4904 beato

2175 4925 2394 4979 Attico?
2416 4945 2433 4977 ι
2457 4926 2785 4986 leestinus
2804 4948 2961 5002 papa,
2978 4933 3028 4986 iu
3051 4934 3243 4991 litteris
3264 4938 3333 4989 ad
3349 4937 3765 5003 Nestorium,vi—

2177 5017 2454 5087 gilantiam
2470 5020 2527 5076 S.
2549 5024 2710 5078 Attici
2727 5034 2914 5079 contra
2930 5025 3244 5096 Pelagianos
3270 5029 3487 5096 ibidem,
3502 5032 3607 5085 col.
3622 5032 3759 5101 553,

2177 5110 2257 5162 sic
2278 5110 2463 5166 laudat
2492 5128 2507 5167 :
2538 5132 2555 5163 ι
2587 5112 2831 5184 Denique
2854 5126 3056 5171 saneta-
3079 5121 3477 5176 recordationis
3510 5124 3756 5189 Atticus.

2174 5203 2458 5259 catholicae
2481 5206 2742 5275 magister
2761 5208 2905 5272 tidei,
2930 5218 2982 5262 et
3012 5227 3135 5266 vere
3159 5215 3299 5267 beati
3334 5214 3561 5270 Joannis
3583 5220 3760 5276 etiam

2172 5291 2242 5347 ad
2274 5295 2377 5347 ista
2425 5310 2735 5360 successor,
2771 5313 2866 5353 eos
2901 5300 2971 5353 ita
3011 5298 3332 5372 parsi-cutus
3359 5315 3441 5360 est
3469 5322 3569 5376 pro
3603 5306 3763 5381 Rege

2172 5384 2472 5447 communi,
2503 5394 2561 5439 ut
2589 5386 2656 5440 iis
2687 5403 2755 5442 ne
2782 5390 2960 5444 standi
2980 5392 3199 5460 quidem
3224 5395 3330 5449 illic
3352 5397 3506 5466 copia
3525 5408 3764 5467 praesta-

2172 5486 2339 5529 retur.
2364 5474 2562 5531 Mansit
2604 5493 2706 5532 nos
2758 5491 2880 5550 post
2916 5482 3035 5552 ejus
3070 5486 3275 5541 exitum
3322 5490 3632 5545 sollicitudo
3665 5495 3765 5551 vel

2171 5568 2431 5633 maxima,
2464 5582 2588 5623 cum
2623 5586 2911 5627 successor
2933 5575 3107 5645 ipsius
3137 5586 3319 5634 utrum
3350 5582 3518 5637 etiam
3547 5582 3601 5637 in
3626 5584 3765 5654 ejus

2169 5657 2272 5710 tidc
2298 5659 2631 5727 succederet,
2657 5678 3048 5734 quaereremus,
3076 5672 3203 5738 quia
3224 5672 3438 5729 dillicile
3466 5683 3548 5730 est
3569 5677 3766 5734 conti-

2170 5747 2348 5814 nuari,
2380 5765 2501 5821 qua:
2526 5752 2668 5809 bona
2694 5764 2858 5825 sunt;
2883 5774 3007 5815 nam
3035 5761 3137 5816 sibi
3169 5778 3312 5839 saepe
3352 5766 3577 5825 alternis
3611 5761 3767 5825 vicl-
