3996 6340
247 393 358 452 6.49

1150 398 1482 454 EPISTULA
1516 403 1606 455 AD
1641 397 1913 456 PATRES
1949 397 2241 454 CONCILII
2274 375 2611 458 armalas-1.

3373 410 3478 472 650

254 511 366 568 bus
398 508 625 567 adversa
671 514 983 569 succedunt.
1035 535 1051 564 ι
1113 518 1193 571 An
1246 518 1524 574 Romanus
1573 520 1811 588 pontifex
1843 535 1884 586 Α
1917 531 2039 570 cum
2076 519 2218 572 enim
2240 562 2255 587 ,
2285 521 2438 588 juxta
2467 522 2688 589 vulgare
2720 523 2937 577 effatum
2961 566 2975 593 ,
3007 542 3161 582 amor
3189 537 3282 583 aut
3318 542 3478 597 pares

255 602 492 654 Atticum
548 605 844 673 appellaret
889 624 1072 662 verum
1107 609 1162 663 S.
1197 609 1425 665 Joannis
1451 612 1819 681 Chrysostomi

245 702 647 760 successorem,
689 697 735 750 si
790 698 1001 753 Atticus
1049 702 1182 754 nihil
1215 719 1455 773 unquam
1500 705 1716 759 fecisset
1753 706 1818 759 ad

249 786 615 854 reparandam
669 788 1002 858 illegitimam
1035 793 1178 848 sedis
1208 794 1820 869 ConstantinOpolitame

249 875 614 942 invasioncm,
643 888 700 932 ut
729 877 1106 939 Tillemontius
1135 885 1298 940 nimis
1327 897 1528 943 temere
1553 889 1820 945 alllmtat?

249 967 442 1030 Adde,
481 969 830 1024 Caelestinum
877 988 1068 1041 papam
1124 975 1176 1028 in
1225 978 1409 1031 eadem
1464 978 1705 1047 Epistula
1749 982 1817 1033 ad

251 1055 560 1110 Nestorium
593 1061 725 1114 satis
757 1062 1016 1130 indicare,
1044 1066 1189 1134 quod
1220 1067 1433 1124 Atticus
1463 1086 1585 1124 cum
1621 1070 1816 1126 Roma-

249 1147 336 1201 nis
382 1150 729 1216 pontificibus
777 1155 1070 1210 amicitiam
1119 1159 1380 1225 coluerit,
1434 1163 1562 1216 dum
1613 1165 1811 1220 ibidem

247 1239 354 1291 col.
385 1239 481 1293 561
527 1243 590 1295 de
623 1243 786 1298 nimia
834 1245 1068 1303 Nestorii
1110 1265 1235 1320 erga
1283 1250 1598 1322 Pelagianos
1631 1257 1811 1310 indul-

245 1330 536 1394 gcntiasic
579 1336 975 1401 conqueritur:
1023 1355 1041 1387 ι
1082 1337 1419 1406 Ejicerentur
1451 1341 1720 1411 denique,
1762 1346 1809 1399 si

244 1417 344 1471 ubi
393 1435 612 1490 quoque
663 1424 912 1481 similiter
941 1429 1305 1498 displicerent.
1349 1433 1460 1487 Cur
1508 1443 1688 1490 tamen
1721 1453 1804 1502 ea,

243 1527 367 1579 qua:
389 1513 442 1565 in
469 1514 568 1570 bos
600 1527 729 1572 tunc
760 1528 888 1573 sunt
915 1532 1054 1587 acta,
1081 1533 1420 1592 quaeruntur,
1446 1542 1570 1582 cum
1599 1536 1803 1583 certum

243 1603 336 1669 sit,
379 1604 530 1659 illinc
576 1607 642 1661 ad
689 1624 789 1664 nos
835 1627 865 1664 a
893 1615 1162 1670 catholico
1190 1626 1319 1672 tunc
1360 1621 1598 1676 antistite
1626 1624 1805 1679 Attico

248 1704 400 1762 gesta
445 1697 688 1754 directa?
713 1700 828 1756 Cur
861 1719 967 1759 non
994 1718 1194 1763 sancta:
1219 1715 1496 1768 memoria:
1530 1715 1804 1774 Sisinnius

241 1788 345 1842 ista
390 1794 669 1859 quaesivit?
699 1795 832 1862 Quia
861 1799 1045 1869 utique
1086 1803 1186 1856 sub
1218 1805 1502 1862 decessore
1529 1824 1628 1864 suo
1679 1827 1802 1880 pro-

1925 610 2160 663 inveniat
2204 621 2297 664 aut
2345 612 2542 674 faciat,
2600 613 2724 681 quis
2772 613 2927 668 facile
2969 619 3152 674 credat
3197 624 3477 677 sanetissi-

1923 714 2068 751 mum
2091 698 2477 756 Maximianum
2509 713 2615 757 tam
2644 703 2799 759 ﬁrmo
2829 707 3078 762 amicitiae
3107 709 3321 766 vinculo
3355 726 3484 765 con-
3509 713 3511 715 ’

1917 789 2162 858 junctum
2213 792 2379 848 fuisse
2427 795 2553 850 huic
2594 797 2831 866 praesuii,
2883 799 2927 853 si
2977 801 3184 857 Atticus
3215 806 3473 860 manserit.

1919 881 2154 950 injustus
2206 885 2474 941 cathedra:
2516 886 3126 960 Constantinopolitanae
3171 910 3466 964 possessor,

1920 988 1984 1026 ac
2014 975 2138 1028 talis
2173 975 2354 1039 fuerit,
2386 980 2599 1048 qualem
2636 979 3010 1040 Tillemontius
3058 985 3327 1055 depinxit?
3368 988 3474 1044 De-

1919 1064 2081 1132 nique
2116 1065 2252 1120 idem
2284 1069 2524 1137 pontifex
2555 1070 2854 1138 Romanus,
2903 1075 3153 1129 columna
3192 1088 3473 1148 sequente,

1915 1155 2060 1210 hunc
2108 1156 2165 1211 S.
2227 1157 2615 1216 Maximianum
2675 1165 2748 1218 ita
2807 1164 3107 1219 hortatur:
3165 1183 3186 1218 ι
3238 1166 3473 1240 Sequere

1914 1246 2180 1315 priorum,
2211 1265 2242 1304 a
2274 1253 2474 1321 quibus
2496 1256 2746 1311 eruditus
2775 1272 2834 1312 es
2863 1270 2916 1312 et
2942 1259 3200 1326 nutritus,
3224 1262 3471 1332 exempla

1911 1339 2226 1406 pontiﬁcum
2252 1361 2264 1409 ;
2288 1344 2824 1406 beatissimiJoannis
2853 1351 2905 1405 in
2937 1352 3277 1420 praedicando
3302 1359 3472 1410 scien-

1911 1431 2066 1498 tiam,
2117 1436 2290 1489 sancti
2331 1439 2492 1493 Attici
2527 1441 2579 1493 in
2633 1441 2987 1512 repurgandis
3018 1445 3314 1501 ha’resibus
3339 1448 3473 1518 vrgi-

1909 1521 2150 1588 lantiam,
2187 1525 2488 1585 decessoris
2517 1531 2591 1584 tui
2633 1530 2878 1599 Sisinnu,
2912 1535 3070 1605 cujus
3101 1545 3152 1590 te
3187 1551 3471 1595 successo-

1906 1629 2019 1668 rem
2050 1617 2342 1685 credimus,
2375 1622 2671 1691 simplicem
2701 1626 3008 1693 puritatem.
3057 1647 3075 1679 ›

1975 1702 2067 1757 28.
2090 1703 2322 1762 Sanctus
2344 1709 2573 1780 Prosper
2598 1713 2650 1766 in
2678 1719 2918 1770 carmine
2942 1716 3014 1770 De
3045 1720 3291 1788 ingratis,
3320 1722 3466 1790 quod

1904 1797 2197 1852 novissime
2239 1799 2483 1870 Parisiis,
2536 1819 2677 1862 anno
2710 1808 2868 1875 ΠΗ,
2897 1810 3036 1864 inter
3067 1811 3184 1880 ejus
3223 1810 3395 1882 Opera
3433 1829 3464 1868 a

242 1879 465 1936 ιηνεηι
514 1899 607 1940 eos
647 1886 773 1955 iure
814 1888 1118 1949 damnatos.
1158 1913 1177 1946 ,
1231 1894 1369 1952 Hinc
1421 1900 1554 1955 satis
1617 1879 1801 1972 “qua,
1834 1912 1876 1968 Β
1905 1887 2010 1942 col.
2038 1889 2142 1943 “5
2169 1891 2370 1946 editum
2400 1903 2504 1961 est,
2533 1897 2706 1952 zelum
2735 1899 2897 1955 Attici
2929 1911 3116 1958 contra
3145 1903 3464 1971 Pelagianos

240 1969 302 2024 S.
335 1974 574 2030 Atticum
605 1979 834 2035 amicam
876 1982 1177 2041 litterarum
1213 1992 1647 2048 communionem
1677 2011 1800 2050 cum

240 2061 481 2120 Ecclesia
507 2068 748 2127 Romana
783 2089 1155 2134 conservasse.

309 2201 401 2255 27.
440 2203 582 2258 Idem
615 2207 855 2275 pontifex
891 2211 944 2265 in
971 2210 1208 2282 Epistula
1237 2220 1304 2271 ad
1328 2219 1525 2274 clerum
1559 2233 1605 2276 et
1638 2240 1802 2293 popu-

235 2293 348 2368 luin
375 2293 1018 2369 Constantinopolitanum
1043 2316 1187 2362 tomo
1215 2307 1414 2365 Labbei
1449 2316 1694 2382 proxime
1720 2318 1798 2371 ci-

234 2393 375 2450 tato,
417 2388 520 2442 col.
549 2389 673 2454 565,
705 2403 822 2460 post
863 2396 1162 2453 celebratas
1191 2401 1248 2455 S.
1281 2401 1652 2473 Chrysostomi
1687 2407 1803 2461 lau-

232 2475 353 2542 des,
381 2478 448 2531 de
470 2480 613 2535 illius
640 2499 952 2540 successore
983 2487 1054 2542 ita
1087 2489 1326 2560 loquitur
1353 2511 1365 2544 :
1411 2515 1428 2546 ι
1469 2495 1624 2551 Rexit
1654 2500 1796 2554 enim

232 2579 440 2623 sanctae
467 2574 743 2628 memoria:
767 2577 1052 2647 episcopus
1076 2581 1288 2638 Atticus
1307 2585 1675 2643 Christianum
1702 2607 1798 2660 po-

231 2663 425 2729 pulum
457 2663 756 2724 decessoris
786 2675 1056 2746 exemplo,
1083 2687 1135 2732 et
1164 2681 1457 2752 sacrilegos
1481 2694 1797 2750 persecutus

230 2763 321 2807 est
349 2755 726 2814 hmreticorum
755 2761 984 2822 furores.
1021 2787 1039 2819 ›
1067 2768 1328 2826 Praeterea
1360 2773 1682 2831 lecstinus
1704 2794 1798 2833 co-

228 2841 358 2896 dem
411 2853 579 2912 tomo,
622 2850 724 2904 col.
763 2852 917 2921 {075,
956 2857 1010 2911 S.
1047 2857 1426 2916 Maximianum
1483 2866 1792 2936 episcopum

231 2931 886 3009 Cortstantinopolitanum
911 2986 926 3010 ,
971 2949 1097 3016 quia
1121 2967 1248 3006 cum
1283 2955 1340 3007 S.
1368 2931 1546 3012 Attico
1570 2960 1796 3028 conjun-

233 3025 482 3083 ctissime
517 3032 740 3099 vixerat,
786 3037 890 3093 hoc
930 3041 1102 3112 elogio
1130 3056 1286 3100 ornat
1317 3065 1330 3100 :
1365 3067 1383 3098 ι
1423 3051 1494 3103 Ita
1535 3053 1679 3106 enim
1707 3070 1792 3110 re-

232 3121 639 3179 verendissimae
669 3132 942 3186 memoria:
974 3135 1087 3189 viro
1132 3139 1331 3204 Attico,
1363 3143 1642 3200 catholicae
1669 3148 1789 3204 ﬁdei

230 3218 619 3280 propugnatori
649 3217 965 3287 fortissimo,
991 3237 1168 3282 mente
1190 3231 1385 3298 pariter
1414 3245 1465 3288 et
1493 3236 1666 3294 ollicio
1710 3257 1794 3296 co-

231 3301 493 3371 haerebat,
540 3317 597 3361 ut
623 3309 734 3378 jam
770 3321 895 3369 tunc
945 3315 1111 3372 futuri
1146 3321 1199 3373 in
1230 3323 1416 3378 eodem
1452 3329 1792 3399 episcopatus

232 3395 467 3464 insignia
491 3404 865 3468 prtelucercnt.
897 3427 915 3460 ι
943 3410 1008 3464 At
1033 3427 1100 3466 ex
1129 3413 1231 3468 hac
1258 3415 1374 3484 ipsa
1400 3417 1456 3472 S.
1480 3395 1790 3480 Maximiani

228 3498 355 3538 cum
377 3487 556 3544 Attico
582 3494 963 3563 conjunctione
991 3503 1344 3560 confirmatur
1368 3510 1549 3578 opinio
1571 3526 1784 3570 nostra:

1904 1977 2100 2033 ibidem
2133 1982 2238 2036 col.
2276 1982 2372 2037 {2|
2407 1987 2662 2054 praedicat
2685 1989 2770 2046 bis
2801 1993 3048 2048 versibus
3079 2009 3096 2046 :

1976 2068 2336 2155 Quid‘loqnar
2360 2085 2636 2155 eti-curam,
2675 2099 2868 2155 magna
2896 2099 3054 2154 quam
3079 2086 3236 2155 gessit
3261 2089 3315 2142 in
3337 2088 3464 2143 urbe

1974 2138 2452 2211 Constantinopoli,
2487 2138 2639 2202 docto
2666 2138 2829 2206 bona:
2862 2138 2949 2208 ore
2978 2138 3223 2211 sacErdos

1973 2211 2200 2288 atticus,
2230 2217 2448 2288 antiqua
2478 2218 2672 2288 legatos
2702 2223 3068 2279 Itazreticorum

1973 2278 2308 2364 (fionl’utando
2329 2278 2470 2364 ﬁde?
2495 2278 2566 2342 Ue
2591 2307 2693 2359 qua
2721 2302 2842 2346 tunc
2874 2278 3249 2364 impiaicorda,

1974 2349 2226 2436 Quamuis
2257 2371 2310 2408 se
2329 2349 2827 2436 abducta-legerent
2855 2349 3107 2420 velamine
3140 2349 3310 2436 [arma

1970 2419 2194 2489 Judicii,
2227 2433 2276 2476 et
2310 2428 2489 2482 tacitae
2519 2419 2749 2485 tulervant
2783 2419 3042 2489 tormenta
3076 2419 3316 2508 ίερὲιιέέέ.

1899 2509 2167 2568 Prtctereo
2196 2515 2286 2570 hic
2312 2520 2559 2586 quaedam
2593 2521 2830 2580 Orientis
2857 2527 3112 2595 concilia,
3156 2543 3277 2599 qua:
3313 2536 3460 2585 anti-

1900 2603 2078 2658 stitem
2116 2607 2266 2660 illum
2305 2613 2439 2665 tanti
2489 2611 2752 2682 fecerunt,
2798 2627 2858 2672 ut
2887 2619 3027 2674 inter
3048 2621 3184 2676 alios
3242 2633 3463 2680 sanctos

1898 2693 2086 2752 Patres
2116 2700 2316 2770 scripta
2348 2704 2492 2759 beati
2527 2707 2691 2762 Attici
2727 2710 2986 2769 adversus
3015 2713 3296 2772 haereticos
3329 2715 3457 2770 cita-

1901 2789 2026 2843 rint.
2071 2794 2274 2849 Omitto
2316 2797 2475 2852 etiam
2512 2797 2911 2856 Theodoretum
2937 2843 2952 2871 ,
2993 2801 3289 2872 Socratem,
3321 2807 3459 2865 Leo-

1898 2897 2022 2936 nem
2061 2885 2312 2958 Magnum
2361 2906 2577 2960 papam,
2599 2894 2716 2963 ‘qui
2770 2910 2960 2951 omnes
2984 2897 3218 2953 Atticum
3246 2903 3457 2973 magnis

1899 2973 2148 3032 laudibus
2202 2981 2540 3050 extulerunt;
2571 3001 2696 3039 nam
2719 2986 2831 3042 haec
2847 3004 3019 3058 pauca
3039 3003 3348 3048 sanctorum
3371 2997 3454 3050 vi-

1898 3085 2085 3125 rorum
2122 3074 2456 3140 testimonia,
2483 3093 2603 3146 quae
2631 3078 2697 3132 de
2727 3080 2845 3149 ipso
2879 3081 3252 3150 produximus,
3271 3087 3450 3140 omni-

1897 3160 2000 3216 bus
2029 3161 2354 3219 Tillemontii
2390 3167 2717 3234 conjecturis
2746 3182 2799 3226 et
2827 3173 3262 3232 cavillationibus
3290 3177 3450 3249 longe

1821 3285 1862 3341 ο
1895 3254 2225 3322 pracferenda
2265 3274 2569 3316 censemus.
2620 3261 2774 3318 Nunc
2815 3274 3024 3335 tempus
3071 3277 3172 3334 est,
3221 3280 3279 3325 ut
3330 3281 3454 3341 post

1901 3345 2042 3400 hanc
2075 3348 2440 3405 velitationem
2472 3369 2666 3409 rursus
2696 3355 2842 3411 ﬁlum
2873 3359 3111 3416 historiae
3143 3371 3338 3418 ucstra:
3365 3380 3452 3418 ar-

1899 3437 2126 3504 repturi,
2185 3440 2435 3497 finiamus
2466 3445 2730 3502 vindicias
2766 3446 2821 3502 S.
2853 3450 3038 3518 Attici,
3073 3453 3160 3508 cui
3187 3459 3452 3513 successit

1899 3523 1958 3577 S.
1991 3526 2264 3585 Sisinnius
2289 3532 2326 3588 ι.
2533 3519 2565 3546 “’

234 3685 3422 3765 Nam

972 3868 1089 3978 S.
1188 3873 1684 3992 ATTlCl
1781 3881 1995 3997 GP.
2097 3893 2726 4014 EPlSCOPl

522 4099 1103 4195 EPISTOLA
1177 4110 1324 4197 AD
1400 4115 1844 4205 PATRES
1919 4123 2450 4218 CONCILII
2526 4137 3129 4234 AFRICANI.

821 4295 1137 4351 Ant/tentia:
1167 4301 1376 4354 concilii
1411 4299 1618 4358 Nicwni
1648 4323 1738 4372 per
1764 4306 2078 4365 Marcellum
2111 4315 2487 4374 subdiaconum
2524 4329 2853 4382 transmittit.

1497 4457 1912 4522 (L.nss,Concit.,
1937 4462 1999 4523 ιι,
2031 4465 2195 4530 1675.)

228 4661 467 4742 Dominis
494 4664 710 4724 sanctis,
745 4665 929 4717 merito
975 4666 1287 4746 {rectissimis
1318 4673 1582 4759 fratribus
1610 4685 1781 4760 coepi—
1814 4687 1857 4740 D
1888 4684 2150 4755 Bithynitr
2173 4704 2202 4741 a
2239 4688 2492 4751 Patribus
2521 4703 2869 4770 constitutos,
2901 4709 3004 4764 sub
3032 4711 3154 4768 fidei
3177 4718 3437 4788 astipula-

293 4750 489 4788 scoms.
521 4733 751 4788 Aurelio.
786 4731 1077 4788 Valentino.
1105 4740 1181 4788 vel
1207 4752 1407 4788 metens
1435 4746 1760 4788 clmrm....;.
1889 4776 1919 4788 _.
2080 4777 2110 4788 ..
2151 4779 2159 4788 .
2358 4783 2394 4788 -_

293 4735 489 4801 scopis,
521 4733 763 4819 κρανειιοἸ
786 4731 1077 4819 νβιεηρὶιιᾳ,
1105 4740 1181 4790 vel
1207 4731 1407 4819 cieteris
1435 4731 1781 4819 cltarisst'mrt's,

294 4808 344 4855 in
373 4802 575 4873 synodo
604 4804 763 4883 _apud
811 4802 1180 4876 Carthaginem
1227 4813 1411 4867 habita
1460 4802 1780 4891 constitutis:

291 4875 502 4926 Atticus
534 4873 822 4941 cpiscopus.

293 5023 402 5079 Per
439 5025 608 5079 tilium
632 5033 878 5079 nostrum
909 5025 1220 5082 Marcellum
1253 5031 1647 5094 subdiaconum
1693 5060 1783 5100 ve-

227 5126 399 5172 strum
433 5126 637 5186 scripta
667 5126 860 5172 vestra:
905 5116 1211 5176 dilectionis
1244 5137 1366 5178 cum
1400 5128 1548 5182 omni
1577 5136 1780 5200 gratia-

227 5225 343 5264 rum
376 5212 588 5263 actione
627 5211 859 5278 suscepi,
894 5209 1121 5266 Domino
1164 5215 1366 5283 gratias
1412 5233 1597 5289 agens,
1630 5229 1773 5294 quod

227 5313 400 5352 merm
435 5307 708 5352 tantorum
755 5299 984 5355 fratrum
1013 5301 1388 5362 benedictione
1418 5311 1642 5381 perfrui,
1674 5315 1773 5372 do-

226 5393 358 5446 mini
397 5391 700 5446 beatissimi
755 5394 966 5450 fratres.
1003 5395 1256 5454 Scribitis
1295 5416 1423 5457 sane
1454 5413 1512 5458 ut
1542 5410 1776 5465 verissi-

225 5499 342 5539 mos
373 5498 634 5551 canones,
671 5486 816 5557 apud
861 5485 1093 5543 Nicaeam
1124 5490 1395 5550 civitatem
1433 5503 1769 5571 metropolim

593 5941 859 6007 Ρλτιιοι..
893 5948 1004 6010 Gn.
1044 5951 1228 6014 LXV.

1887 4776 2029 4830 tione
2061 4777 2308 4849 dirigam.
2357 4783 2420 4837 Et
2463 4791 2584 4856 quis
2612 4801 2715 4857 est,
2761 4797 2852 4864 qui
2888 4812 3224 4857 communem
3255 4776 3436 4877 fidem,

1884 4867 1968 4920 vel
1999 4876 2200 4922 statuta
2230 4887 2257 4924 a
2292 4872 2546 4934 Patribus
2576 4880 2806 4951 ﬁrmata,
2843 4889 2962 4944 suis
2988 4889 3247 4951 fratribus
3272 4867 3436 4957 dene:

1884 4956 2017 5025 get?
2049 4956 2163 5021 Qua
2199 4959 2266 5015 de
2303 4978 2379 5028 re,
2427 4981 2523 5035 per
2551 4972 2798 5027 eumdem
2842 4975 3006 5032 ﬁlium
3063 4997 3242 5038 meum
3293 4956 3436 5044 Mar-

1884 5046 2082 5100 cellum
2136 5049 2528 5109 subdiaconum
2581 5069 2846 5129 vestrum,
2895 5068 3122 5125 nimium
3181 5073 3442 5138 festinant-

1882 5143 2010 5202 tem,
2037 5139 2178 5194 sicut
2212 5145 2402 5199 statuti
2432 5156 2558 5203 sunt
2589 5150 2644 5206 in
2677 5151 2853 5212 Nicaea
2879 5160 3096 5219 civitate
3119 5179 3151 5218 a
3179 5164 3436 5229 Patribus

1881 5241 2119 5285 canones
2147 5233 2200 5286 ln
2231 5237 2460 5307 integro,
2493 5249 2552 5295 ut
2581 5243 2844 5313 jussistis,
2884 5250 3095 5321 direxi;
3121 5265 3328 5326 petens,
3375 5271 3434 5318 ut

1873 5338 1978 5393 pro
2006 5340 2094 5380 me
2120 5329 2408 5396 plurimum
2442 5345 2623 5394 vestra
2667 5352 2856 5398 sancta
2887 5352 3232 5420 congregatio
3275 5369 3433 5413 orare

1874 5413 2078 5486 jubeat.
2116 5418 2184 5473 Et
2214 5423 2321 5479 alia
2339 5442 2497 5481 manu
2522 5445 2543 5484 :
2575 5431 2718 5489 Deus
2746 5445 2931 5493 noster
2970 5413 3314 5503 sanctitatem
3338 5463 3432 5506 ve-

1879 5518 2046 5566 stram
2075 5514 2366 5584 custodiat,
2396 5521 2540 5590 quod
2567 5533 2836 5595 optamus,
2866 5533 3043 5588 sancti
3073 5532 3291 5597 fratres.
