4026 6342
587 371 700 424 ϐἶὶῐ

1676 376 1736 434 S.
1779 379 2091 436 PROCLUS
2167 380 2265 435 (ΣΡ.
2311 382 2710 444 El’lSCOPUS.

3419 560 3793 572 _.______

1051 705 1139 794 S.
1199 706 1600 799 ATTICI
1681 710 2265 804 EPISTOLA
2333 714 2482 801 AD
2557 715 2651 802 S.
2730 715 3342 804 CYRILLUM

1699 901 2247 959 ALEXANDRINUM
2306 904 2690 961 EPISCOPUM

1306 1055 1382 1113 De
1414 1058 1470 1113 S.
1507 1057 1734 1114 Joannis
1767 1059 2144 1130 Chrysostomi
2186 1061 2404 1116 nomine
2439 1060 2713 1132 diptychis
2745 1061 3057 1117 inserendo.

1202 1196 1329 1252 Vide
1358 1200 1493 1253 inter
1518 1199 1578 1255 S.
1615 1201 1807 1271 ϐυτ-ξιιί
1843 1202 2118 1272 epistolas,
2151 1202 2284 1272 Opp.
2325 1212 2451 1257 tam.
2500 1204 2558 1268 γ,
2594 1215 2742 1274 parte
2777 1222 2835 1270 ll,
2866 1205 3189 1266 9301-205.

625 1391 3790 1424 Μ

771 1556 1303 1646 EJUSDEM
1371 1558 1944 1668 EPISTOLA
2009 1565 2157 1652 AD
2229 1567 2713 1655 PETRUM
2787 1569 2936 1656 ET
3007 1568 3612 1660 IEDESIUM.

1373 1747 1563 1806 Exstat
1593 1753 1734 1821 apud
1773 1751 2157 1825 Nicephorum,
2193 1756 2338 1814 Hist.
2373 1761 2557 1814 eccles.
2593 1760 2686 1816 lib.
2717 1776 2828 1826 xw,
2870 1776 2918 1814 c.
2947 1761 3035 1814 27.

654 1947 3770 1980 ________________________________________________

1129 2111 1672 2203 EJUSDEM
1744 2111 2329 2206 EPISTOLA
2378 2115 2526 2202 AD
2581 2115 3271 2208 CALLIOPEN.

1757 2303 1970 2358 Socrat.
2009 2303 2150 2358 Hist.
2187 2304 2367 2360 eccles.
2410 2323 2506 2369 vn,
2539 2306 2627 2360 25.

1721 2520 3763 2532 -_——__—.—————————————_——.—__—————_——_.—.

1822 2667 1991 2712 ANNO
2033 2667 2255 2712 DOMINI
2297 2667 2546 2711 CDXLVI.

1415 2853 1623 3060 S.
1720 2823 2966 3064 PBOCLUS‘

1046 3199 2430 3294 CONSTANTINOPOLITAN
2454 3202 2587 3290 US
2637 3201 3324 3294 EPISCOPUS.

1878 3478 2528 3596 NOTITIA.

1301 3685 1627 3756 (GALLAND.,
1685 3685 1799 3741 νει.
1838 3684 1994 3739 Patr.
2027 3686 2280 3742 Biblioth.
2336 3688 2426 3754 IX,
2478 3688 2714 3762 Proleg.,
2748 3706 2798 3760 p.
2852 3693 3066 3759 χχχιχ.)

641 3963 680 4016 1.
715 3957 965 4014 Proclum
999 3969 1028 4008 a
1063 3954 1318 4027 primaeva
1360 3960 1520 4008 aetate
1549 3951 1750 4007 litteris
1783 3965 1844 4004 ac
1880 3949 2129 4019 discipli-
2156 3960 2202 4017 Α
2231 3956 2791 4019 minetterum,atque
2816 3950 3008 4006 iterum
3041 3954 3108 4008 ad
3129 3954 3310 4010 sedem
3333 3958 3811 4034 Constantinopo-

565 4055 654 4110 nis
706 4049 1020 4108 excolendis
1075 4047 1265 4103 sedulo
1319 4045 1754 4112 incumbentem,
1799 4041 1866 4097 ad
1910 4042 2130 4098 lectoris

566 4145 796 4218 gradum
861 4142 1034 4197 fuisse
1097 4146 1431 4212 promotum,
1477 4153 1543 4193 ex
1600 4135 1824 4190 Socrate
1871 4133 2132 4205 intelligi-

572 4254 698 4296 mus
721 4236 820 4308 (a).
841 4232 1044 4290 Deinde
1056 4232 1238 4288 Attico
1255 4232 1511 4303 episc0po
1524 4228 2128 4298 Constantinopolitano

567 4346 785 4403 operam
814 4328 983 4392 dedit,
1020 4326 1180 4395 cujus
1202 4326 1366 4380 etiam
1399 4324 1648 4380 notarius
1687 4322 1931 4388 exstitit;
1965 4326 2128 4389 atque

565 4425 634 4478 ab
668 4438 732 4478 eo
764 4420 1032 4474 diaconus
1071 4427 1126 4472 et
1157 4419 1443 4489 presbyter
1480 4417 1768 4471 Ordinatus
1800 4416 1971 4469 fuisse
2000 4427 2126 4483 per-

567 4514 800 4569 hibetur.
837 4511 1047 4565 lnterea
1096 4516 1310 4562 mortuo
1341 4507 1736 4579 Cyzicenorum
1779 4507 2030 4575 praesule,
2068 4511 2128 4558 ut

566 4605 760 4664 scribit
801 4603 943 4659 idem
981 4600 1237 4657 Socrates
1274 4599 1370 4670 (ὁ),
1407 4598 1687 4654 Sisinnius
1709 4597 1874 4652 Attici
1899 4611 2124 4652 succes-

564 4714 678 4762 sor,
704 4697 772 4753 ad
803 4697 951 4751 illam
982 4693 1270 4766 regendam
1296 4691 1596 4747 Ecclesiam
1628 4690 1944 4760 episcopum
1976 4688 2124 4743 ordi-

561 4789 734 4844 navit.
765 4787 832 4840 At
869 4801 992 4841 eum
1037 4789 1428 4855 praevertentes
1463 4778 1740 4852 Cyziceni,
1771 4778 1960 4840 alium,
1997 4777 2123 4832 Dal-

560 4881 789 4935 matium
821 4878 1059 4942 nomine,
1079 4876 1182 4932 sibi
1215 4875 1528 4946 episcopum
1560 4868 2004 4926 constituendum
2037 4885 2125 4923 cu-

559 4980 772 5026 rarunt.
818 4968 1344 5039 ConstantinOpolim
1397 4965 1579 5036 itaque
1616 4963 1830 5020 rediens
1869 4960 2119 5025 Proclus,

560 5065 633 5119 ibi
678 5064 989 5134 frequenter
1032 5060 1411 5116 concionando
1452 5071 1702 5129 magnam
1743 5055 1828 5110 sui
1881 5053 2121 5107 nominis

561 5155 930 5208 celebritatem
973 5161 1304 5206 consecutus
1342 5159 1424 5204 cst
1460 5150 1551 5220 (ε).
1586 5147 1685 5201 Vir
1715 5145 1840 5208 fuit,
1884 5145 1928 5198 si
1961 5143 2118 5213 quis"

560 5261 718 5314 quam
771 5246 945 5309 alius,
983 5243 1208 5314 Optimis
1239 5243 1484 5297 moribus
1534 5239 1813 5312 praeditus.
1857 5235 1976 5304 Quo
2022 5250 2119 5290 no-

650 5425 702 5492 a)
737 5426 948 5481 Socrat.
979 5425 1122 5480 Hist.
1146 5424 1275 5480 eccl.
1307 5425 1399 5478 lib.
1432 5439 1526 5488 vn,
1554 5436 1673 5492 cap.
1706 5421 1794 5474 41.

649 5497 700 5567 b)
728 5495 805 5567 ld.
838 5497 976 5567 ibid.
1005 5513 1126 5566 cap.
1158 5497 1248 5567 278.
1786 5509 1789 5513 '

627 5565 696 5631 (εἱ
728 5565 805 5636 ld.
837 5565 967 5636 ibid.
993 5581 1110 5636 cap.
1142 5566 1230 5618 41.

628 5639 706 5709 (d)
735 5635 812 5690 Id.
848 5635 978 5692 ibid.
1011 5633 1164 5705 capp.
1194 5635 1285 5701 26,
1318 5633 1408 5696 9.9,
1442 5633 1529 5687 35.

2230 4041 2454 4096 litanam
2481 4041 2850 4111 occupandam
2870 4044 3641 4118 populivotisexpetitus,sive
3674 4068 3806 4126 post

2227 4142 2459 4189 mortem
2476 4132 2641 4188 Attici
2657 4142 2709 4188 et
2736 4133 2985 4202 Sisinnii,
3001 4137 3114 4192 sive
3131 4149 3252 4208 post
3271 4141 3666 4201 abdicationem
3685 4148 3803 4206 Ne—

2227 4225 2408 4288 storii,
2437 4230 2494 4277 ut
2527 4232 2719 4279 auctor
2741 4233 2824 4280 est
2845 4226 3076 4282 subinde
3095 4228 3347 4287 laudatus
3365 4233 3664 4292 historicus
3683 4239 3804 4310 (d);

2228 4316 2466 4380 tandem,
2485 4316 2674 4371 eodem
2707 4324 2845 4373 teste
2862 4319 2953 4390 (e),
2976 4331 3096 4387 post
3112 4320 3500 4380 Maximianum
3528 4326 3642 4383 fato
3666 4330 3804 4387 fun—

2226 4418 2372 4463 ctum
2401 4407 2698 4462 Areobindo
2725 4417 2773 4462 et
2797 4409 2997 4478 Aspare
3025 4428 3188 4479 6088.,
3213 4415 3383 4482 pridie
3405 4415 3534 4473 Idus
3555 4420 3802 4489 Apriles.

2227 4497 2278 4550 id
2313 4504 2396 4550 est
2435 4511 2580 4550 anno
2613 4496 2816 4552 Christi
2851 4498 2978 4563 454,
3027 4501 3079 4554 ἱη
3122 4501 3270 4557 illius
3309 4501 3566 4561 Ecclesia"
3606 4511 3805 4579 ponti-

2225 4587 2368 4643 ﬁcali
2412 4587 2613 4643 throno
2647 4596 2730 4643 est
2770 4587 3096 4646 collocatus.
3135 4591 3237 4658 Qui
3277 4605 3565 4664 postquam
3614 4601 3804 4659 multa

2223 4696 2324 4752 pro
2355 4680 2461 4735 ﬁde
2494 4679 2764 4736 catholica
2794 4684 3185 4754 propugnauda
3213 4687 3471 4755 praeclare
3497 4691 3798 4760 gessisset.

2224 4774 2433 4829 exactis
2473 4773 2528 4828 in
2584 4772 2883 4844 Byzantina
2935 4777 3065 4832 sede
3111 4778 3274 4834 anuis
3321 4794 3447 4846 xm,
3488 4789 3542 4835 et
3575 4782 3802 4854 aliquot

2223 4867 2528 4929 mensibus.
2561 4882 2592 4921 e
2626 4867 2763 4922 vivis
2793 4867 3010 4922 demum
3039 4871 3276 4926 excessit
3311 4888 3454 4927 anno
3502 4873 3602 4929 447
3637 4876 3804 4934 desi-

2222 4967 2405 5014 nente.
2442 4957 2517 5014 De
2543 4959 2644 5014 hac
2679 4967 2859 5013 tamen
2889 4963 3150 5030 temporis
3177 4966 3460 5019 notatione
3487 4967 3538 5020 in
3575 4983 3798 5023 annum

2221 5057 2273 5105 et
2293 5049 2436 5104 diem
2467 5047 2648 5102 Procli
2668 5050 3045 5116 emortualem,
3070 5051 3211 5106 haud
3237 5068 3470 5110 concors
3503 5066 3684 5111 exstat
3714 5062 3802 5113 vi-

2222 5157 2404 5196 rorum
2425 5141 2762 5196 eruditorum
2785 5144 3076 5208 sententia,
3106 5154 3165 5198 ut
3194 5145 3376 5202 videre
3404 5155 3488 5202 est
3509 5149 3654 5218 apud
3681 5149 3802 5203 Pa-

2223 5234 2373 5305 gium
2399 5233 2464 5306 (f)
2497 5249 2559 5287 ac
2585 5233 2996 5289 Tillemontium
3019 5235 3114 5307 (g),
3144 5253 3282 5308 quos
3313 5238 3570 5294 consulas
3590 5242 3798 5296 velim.

2230 5416 2234 5418 ⁷
2285 5417 2352 5487 (e)
2386 5416 2464 5470 id.
2499 5416 2632 5487 ibid.
2663 5431 2783 5486 cap.
2811 5417 2900 5474 40.
3040 5421 3045 5426 ’

2281 5486 2348 5562 tn
2384 5487 2535 5562 litigi-
2569 5486 2634 5540 ad
2660 5503 2788 5541 ann-
2820 5487 2947 5562 £9.62
2979 5488 3040 5560 §§
3071 5489 3101 5544 8
3131 5504 3282 5562 seqq-

2212 5559 2367 5680 δαίθὲ
2391 5557 2605 5683 Τέῌξξῖέ
2655 5564 2787 5614 ίοηιο
2827 5556 3156 5631 Χνιίβθεε.
3205 5556 3303 5616 7i7
3333 5569 3390 5619 et
3427 5560 3549 5632 799,
3580 5572 3710 5624 not.
3757 5569 3804 5625 2

617 5805 634 5826 ’
655 5813 820 5869 Attico
839 5815 914 5868 (ΞΡ
963 5815 1185 5866 Proclum
1209 5819 1257 5863 et
1281 5813 1564 5863 Flavianum
1584 5811 1676 5864 ΕΡ.
1705 5811 1953 5873 jungimus
1971 5808 2190 5872 quamvis
2211 5807 2385 5858 ordine
2412 5808 2757 5872 cbronologico
2776 5808 3012 5870 iuniores.
3033 5808 3168 5860 Earr.
