4026 6342
202 385 320 443 '653

1639 387 1935 443 ΝΟΤΙΊῚᾹ.

3329 394 3436 454 65L

279 498 345 555 ll.
373 496 630 552 Doctrina
653 506 706 552 et
729 495 1043 566 eloquentia
1073 498 1366 566 plurimum
1393 500 1632 556 valuisse
1659 516 1779 557 san-
1808 511 1851 565 Α
1880 505 2119 556 codicum
2165 503 2344 574 aliqua
2396 503 2674 557 collatione
2709 519 2771 557 ac
2810 520 2939 557 nova
2974 507 3203 561 versione
3233 506 3439 571 (melio-

209 601 360 647 ctutn
392 589 665 651 Proetum,
698 589 752 643 id
786 604 913 644 vero
944 606 1009 645 ex
1037 600 1274 646 veterum
1307 593 1628 648 testimoniis
1656 609 1774 663 quze

208 682 361 736 illius
400 680 657 750 operibus
687 680 1073 747 prannisimns,
1114 680 1272 749 plane
1303 689 1640 750 compertum
1677 682 1773 735 ha-

209 775 425 828 bemus.
452 772 747 842 Complura
780 771 1004 840 scripsit
1046 772 1238 826 beatus
1270 773 1489 841 praesul,
1524 788 1643 842 qua:
1678 762 1773 825 ita-

208 882 338 920 men
374 864 442 919 ad
486 879 581 918 nos
623 877 796 932 usque
833 863 979 917 hand
1014 864 1196 937 omnia
1250 879 1565 933 pervenere.
1604 865 1775 930 Quid-

207 956 343 1028 quid
368 966 548 1010 autem
571 972 637 1010 ex
669 955 789 1023 ejus
816 957 1120 1011 litterarum
1147 957 1500 1010 monimentis
1524 956 1774 1026 delegere

208 1049 388 1111 licuit.
426 1048 699 1111 homilias,
723 1048 1004 1116 epistolas.
1046 1046 1370 1117 fiagmenta,
1403 1056 1533 1109 εις..
1564 1064 1625 1101 ea
1654 1056 1777 1117 post

209 1138 672 1194 Elmenhorstium
712 1138 1003 1208 diligenter
1032 1137 1170 1195 satis
1208 1138 1424 1208 collegit
1464 1137 1776 1194 Vincentius

208 1231 536 1295 Riccardus,
586 1246 650 1286 ac
674 1230 862 1286 Latine
880 1231 1088 1286 reddita
1112 1238 1166 1285 et
1217 1230 1504 1287 uberrimis
1534 1232 1778 1285 animad-

208 1326 558 1381 versionibus
622 1323 883 1377 adornata
938 1338 1082 1377 anno
1144 1320 1316 1385 1650,
1348 1321 1604 1377 Romanis
1635 1322 1778 1392 typis

208 1416 510 1471 commisit.
560 1414 913 1470 Postmodum
946 1412 1130 1468 Procli
1179 1414 1442 1468 Homilias
1479 1414 1593 1468 sive
1645 1412 1779 1468 Ora-

209 1510 394 1564 tiones
437 1525 506 1562 ω
548 1509 614 1562 ad
661 1523 791 1563 mss.
816 1507 1036 1562 codices
1064 1506 1355 1567 recensuit.
1387 1506 1565 1561 denuo
1592 1504 1780 1560 Latine

209 1599 380 1652 vertit
456 1611 520 1651 ac
592 1596 848 1651 brevibus
912 1595 1060 1651 notis
1132 1595 1387 1650 instruxit
1455 1593 1780 1650 Franciscus

211 1688 585 1744 Combel‘tsius
631 1686 731 1759 (a),
766 1688 832 1742 de
862 1687 1171 1757 huiusmodi
1202 1702 1302 1742 suo
1344 1689 1571 1742 consilio
1612 1687 1779 1740 lecto—

213 1797 331 1836 rem
386 1782 461 1835 ita
519 1781 784 1835 monitum
836 1781 1064 1835 reddens
1118 1780 1231 1848 (ως
1278 1779 1454 1834 Visum
1492 1790 1567 1833 est
1614 1764 1797 1833 sancti

1880 594 2006 664 res),
2036 595 2140 647 luci
2176 595 2363 649 iterum
2386 594 2609 662 publica:
2639 593 2766 647 dare
2791 608 2809 645 :
2844 593 3013 649 ualrre
3050 596 3218 665 jussis
3253 600 3439 666 spissis

1882 688 2011 749 illis,
2051 704 2142 740 nec
2181 704 2305 740 raro
2339 688 2596 756 parergis,
2629 696 2719 739 aut
2746 688 2903 740 etiam
2934 689 3105 742 minus
3133 691 3441 760 quandoque

1881 780 2018 844 aptis
2056 777 2301 831 Riccardi
2344 779 2482 832 notis
2518 795 2535 831 :
2571 778 2648 830 uti
2692 793 2783 831 nec
2824 777 3054 832 instituti
3098 780 3264 833 nostri
3303 781 3441 833 ratio

1881 880 2063 924 nostra
2094 870 2175 923 hic
2208 872 2365 940 plura
2400 870 2671 939 praescribi
2695 868 2841 923 sinit.
2873 898 2943 908 —-
2970 869 3101 936 Quae
3141 872 3303 924 textui
3333 873 3443 924 elu-

1882 960 2107 1016 cidando
2145 962 2441 1015 necessaria
2466 959 2794 1023 videbuntur,
2829 960 2884 1013 in
2918 958 3139 1029 singulis
3167 959 3306 1014 brevi
3331 978 3444 1015 ora-

1885 1053 2113 1107 tionibus
2143 1052 2436 1122 expediam.
2483 1051 2609 1106 llazc
2636 1052 2725 1107 ille
2760 1070 2774 1106 :
2824 1050 2981 1119 cujus
3010 1060 3297 1122 propterea
3327 1052 3442 1106 edi-

1882 1145 2108 1208 tionem,
2147 1144 2213 1197 ad
2247 1143 2501 1199 homilias
2531 1142 2673 1214 quod
2714 1143 2927 1209 attinet,
2965 1152 3150 1212 utpote
3183 1152 3447 1215 praestan-

1885 1236 2097 1301 tiorem,
2139 1232 2518 1289 Biccardiame
2560 1233 2966 1289 anteferendam
3004 1235 3350 1298 censuimus;
3391 1242 3446 1288 et

1886 1322 2077 1377 breves
2107 1324 2490 1378 adnotationes
2519 1338 2658 1393 quas
2696 1322 2876 1377 editor
2898 1322 2964 1376 ad
2996 1324 3204 1380 calcem
3234 1323 3444 1393 rejecit,

1886 1415 2109 1469 lectoris
2147 1414 2434 1469 commodo
2462 1414 2835 1476 consulentes,
2871 1413 2938 1466 ad
2965 1430 3090 1469 oras
3122 1418 3444 1486 paginarum

1886 1506 2255 1576 subjiciendus
2291 1507 2568 1563 duximus.
2608 1506 2835 1575 Reliqua
2898 1522 3058 1577 porro
3077 1524 3141 1561 ex
3178 1508 3449 1563 lliccardo

1886 1600 2311 1668 desumpsimus.
2346 1597 2487 1666 Quid
2516 1608 2697 1653 autem
2732 1614 2910 1669 opem:
2938 1599 3119 1654 studio
3151 1607 3360 1661 nostro,
3392 1600 3446 1653 in

1884 1688 2064 1743 Procli
2094 1689 2341 1758 epistolis
2379 1689 2721 1758 potissimum
2756 1687 3114 1751 escudendis,
3148 1687 3446 1758 praestitum

1889 1781 1981 1844 sit,
2013 1782 2214 1835 notqu
2245 1780 2484 1850 produnt
2523 1795 2660 1849 quas
2694 1780 2895 1850 ubique
2939 1778 3299 1834 subdidimns.
3338 1777 3451 1833 Ca:-

216 1872 405 1928 Procli
438 1872 738 1933 Orationes,
781 1872 1050 1926 Vincentio
1082 1872 1338 1926 thcardo
1377 1871 1557 1927 Roma:
1585 1875 1774 1935 editas,
1812 1882 1851 1937 Β
1881 1881 2057 1927 terum
2113 1871 2259 1925 haud
2319 1871 2482 1926 fuerit
2539 1871 2799 1934 otiosum,
2846 1870 3115 1950 judicium
3178 1870 3452 1940 perlegere

214 1965 343 2018 aliis
379 1966 575 2019 nostris
606 1963 791 2034 quibus
816 1966 1043 2019 maxime
1072 1964 1301 2033 Deipara
1335 1963 1489 2034 Virgo
1521 1965 1615 2019 hoc
1639 1975 1780 2018 tonio

212 2056 533 2123 celebratur,
572 2055 889 2127 adjungere,‘
943 2056 1223 2126 multisque
1264 2055 1500 2125 partibus
1549 2067 1779 2121 nostras,

306 2229 385 2297 (a)
420 2228 661 2283 Comhel‘.
698 2229 914 2284 Auctar.
946 2242 1071 2283 nov.
1105 2228 1172 2283 ad
1195 2227 1445 2283 Biblioth.
1480 2226 1619 2296 ΡΡ..
1659 2238 1789 2286 tom.

208 2296 260 2362 ι,
295 2296 445 2367 pagg.
472 2299 728 2354 501—496.
761 2302 915 2354 Paris
966 2298 1123 2353 1648.

302 2370 378 2439 ψ)
414 2370 486 2424 ld.
532 2371 663 2423 ibid.
700 2387 821 2444 pag.
851 2371 975 2431 467.

1886 1962 2033 2031 quod
2075 1960 2142 2016 de
2184 1962 2409 2032 scriptis
2457 1971 2648 2015 sancto
2695 1959 2889 2017 Proclo
2940 1961 3163 2016 tributis
3202 1959 3325 2015 tulit
3378 1958 3446 2012 cl.
3489 1970 3493 1974 ‘

1888 2055 2267 2110 Tillemontius
2298 2055 2390 2126 (ε).

1969 2228 2039 2298 (c)
2073 2225 2288 2299 Tillem.
2316 2237 2446 2280 tom.
2472 2225 2611 2292 XVI,
2644 2242 2801 2299 pagg.
2834 2226 2935 2281 718
2955 2234 3009 2282 et
3039 2226 3141 2281 800
3164 2241 3306 2297 seq.,
3336 2233 3449 2280 not.

1892 2299 1928 2353 5
1959 2297 2052 2352 sur
2082 2298 2139 2353 S.
2183 2297 2389 2353 Prode.

2074 2570 2675 2582 α.-------.

1290 2732 1798 2825 ΝΟΤΙΤΙΑ
1868 2731 2374 2822 ALTERA.

525 2923 813 2997 (Fessuzn,
848 2922 1218 2979 Institutiones
1251 2922 1744 2995 Patrologicmtomi
1781 2923 1912 2988 duo,
1944 2922 2249 2998 (Eniponte
2279 2925 2438 2981 i85l.
2477 2956 2545 2966 —
2573 2926 2725 2979 Tum.
2760 2925 2821 2991 ll,
2854 2942 2973 3000 pag.
3006 2927 3158 2997 577.)

294 3150 356 3205 S.
403 3148 652 3214 Proclus,
690 3150 870 3205 adhuc
916 3148 1236 3205 adolescens
1277 3146 1337 3203 S.
1394 3147 1589 3204 Joanni
1621 3150 1792 3224 Chry-

218 3249 472 3296 sostomo
500 3241 774 3312 imprimis
804 3241 1027 3305 charus,
1065 3255 1162 3311 per
1184 3242 1325 3295 sacri
1361 3242 1651 3296 ministerii
1677 3259 1788 3313 gra-

219 3335 331 3389 dus
364 3335 420 3388 in
466 3332 709 3388 Ecclesia
748 3332 1355 3402 Constantinopolitana
1390 3333 1458 3387 ad
1492 3335 1793 3407 presbyteri

228 3427 554 3498 dignitatem
574 3425 840 3481 ascendit.
875 3424 926 3481 ls
952 3441 1075 3479 cum
1133 3440 1184 3478 a.
1205 3424 1310 3480 £26
1358 3441 1388 3479 a
1418 3424 1657 3482 Sisinnio
1683 3429 1785 3499 epi-

226 3534 399 3588 scopo
445 3517 1047 3587 Constantinopolitano
1095 3516 1275 3588 Cyzici
1314 3519 1602 3589 episcopus
1642 3521 1791 3575 ordi-

225 3618 392 3664 natus
428 3618 593 3676 esset,
631 3610 776 3665 cives
815 3610 937 3678 ejus
978 3609 1186 3679 oppidi,
1218 3609 1529 3679 priusquam
1567 3609 1792 3667 Proclus

227 3704 361 3756 illuc
391 3718 451 3757 se
482 3696 778 3764 conferret.
813 3704 979 3757 alium
1009 3702 1111 3757 sibi
1140 3703 1453 3773 episcopum
1492 3702 1788 3774 elegerunt.

224 3794 352 3858 Quo
380 3803 679 3862 comperto.
713 3792 942 3848 Proclus
976 3792 1126 3862 pacis
1169 3807 1359 3847 amans
1402 3790 1791 3849 Constantino-

226 3885 340 3955 poli
372 3888 694 3954 permansit,
722 3885 904 3955 ibiqne
931 3884 1285 3939 concionibus
1317 3883 1383 3938 ad
1410 3885 1665 3956 populum
1698 3887 1792 3942 ba-

228 3977 365 4032 bitis
400 3978 695 4046 plurimum
729 3976 986 4030 inclaruit
1028 3976 1127 4047 (ά).

301 4067 656 4123 Postmodum
689 4068 781 4123 ubi
807 4067 1092 4122 Nestorius
1115 4082 1333 4123 errores
1365 4084 1496 4124 suos
1524 4068 1796 4125 Constan-

230 4161 463 4230 tin0poli
495 4160 856 4215 disseminare
879 4160 1063 4230 coepit,
1095 4158 1321 4215 Proclus
1368 4159 1680 4216 adhucdum
1718 4162 1792 4216 ibi

220 4254 466 4325 degens,
516 4253 867 4308 celeberrima
924 4252 1168 4308 oratione
1211 4252 1424 4322 publice
1469 4254 1522 4306 in
1565 4253 1796 4309 ecclesia

235 4348 448 4409 habita,
491 4358 710 4402 strenue
758 4360 853 4400 eos
896 4344 1252 4414 impugnavit.
1307 4343 1401 4399 Vir
1449 4343 1549 4398 fuit
1586 4347 1797 4403 eximite

228 4438 594 4508 benignitatis
621 4446 677 4492 et
721 4436 1182 4500 mansuetudinis,
1216 4452 1317 4492 nec
1365 4437 1594 4493 minoris
1636 4439 1798 4493 indu-

230 4532 407 4593 striae,
454 4546 583 4600 qua,
636 4530 764 4585 licet
801 4529 910 4583 vim
954 4540 1233 4584 externam
1279 4538 1471 4584 contra
1514 4531 1798 4589 haereticos

229 4621 484 4676 adhiberi
509 4620 696 4684 nollet,
725 4627 975 4676 errantes
1003 4630 1179 4675 tamen
1209 4619 1427 4676 assidue
1456 4636 1551 4692 pro
1570 4625 1799 4678 veritate

227 4714 526 4771 decertans
567 4714 919 4783 victoriaeque
972 4722 1228 4769 assuetus
1278 4714 1331 4768 in
1363 4714 1505 4769 viam
1554 4715 1797 4770 veritatis

1896 3156 2029 3208 itum
2069 3152 2143 3223 (a.
2185 3151 2312 3222 454)
2346 3151 2401 3205 in
2447 3150 2595 3207 illius
2636 3148 2892 3206 Ecclesiae
2928 3149 3225 3221 pontiﬁcali
3261 3151 3459 3206 throno

1903 3246 2204 3300 collocatus
2240 3251 2323 3298 est
2366 3242 2463 3314 (ως
2500 3242 2794 3314 statimque
2837 3244 3152 3314 synodicam
3189 3244 3258 3297 ad
3290 3242 3461 3315 Cyril—

1897 3338 2007 3390 lum
2043 3335 2483 3399 Alexandrinum,
2516 3332 2774 3389 Joannem
2790 3334 3192 3399 Antiochenam,
3227 3335 3461 3408 aliosque

1900 3426 2129 3482 Orientis
2162 3426 2429 3497 episcopos
2460 3425 2630 3490 misit,
2666 3440 2774 3495 qua
2802 3428 2869 3481 de
2905 3442 3004 3482 sua
3042 3426 3460 3484 conﬁrmatione

1894 3532 1990 3571 eos
2050 3517 2314 3573 certiores
2366 3515 2615 3573 redderet
2675 3515 2771 3587 (g).
2800 3514 3025 3571 Biennio
3058 3528 3182 3589 post
3222 3518 3292 3589 (a.
3332 3520 3459 3593 436)

1892 3616 2096 3661 exortae
2150 3616 2279 3663 sunt
2322 3609 2443 3664 lites
2486 3609 2555 3663 de
2607 3607 2937 3674 Theodoro,
2999 3608 3344 3680 Mopsuestia
3402 3614 3459 3668 in

1894 3698 2086 3753 Cilicia
2135 3698 2264 3753 olim
2292 3700 2567 3770 episcopo,
2609 3708 2737 3755 ante
2773 3701 2957 3771 plures
2996 3699 3108 3771 jam
3158 3718 3331 3758 annos
3362 3702 3457 3758 de-

1897 3789 2105 3854 functo,
2142 3789 2235 3861 qui
2262 3790 2316 3845 in
2350 3791 2505 3847 libris
2553 3791 2671 3847 suis
2720 3792 2877 3862 longe
2918 3791 3135 3861 lateque
3167 3793 3461 3849 celebratis

1893 3882 2146 3940 Nestor-io
2176 3884 2346 3939 facem
2371 3885 2703 3954 praetulerat.
2729 3882 3041 3938 Doctrinam
3064 3901 3127 3938 ex
3157 3885 3281 3938 istis
3305 3885 3461 3938 libris

1894 3984 2202 4048 excerptam
2256 3976 2582 4041 Nestoriani,
2616 3975 2916 4045 praesertim
2986 3976 3040 4028 in
3095 3975 3352 4030 Armenia
3408 3982 3462 4029 et

1894 4066 2117 4135 Persia,
2154 4068 2258 4123 sub
2303 4067 2774 4122 commendatione
2822 4067 2958 4120 tanti
2991 4067 3228 4122 nominis
3267 4082 3463 4137 propa~

1897 4174 2025 4229 gare
2071 4160 2251 4215 conati
2284 4167 2433 4214 sunt.
2486 4158 2681 4213 Verum
2723 4158 2958 4213 Aeacius
3004 4157 3362 4215 Melitinensis
3407 4169 3463 4215 et

1896 4249 2136 4306 Rabnlas
2169 4247 2481 4305 Edessenus
2505 4248 2817 4319 cpiscopus,
2844 4263 2903 4302 re
2932 4249 3172 4320 cognita,
3194 4252 3462 4307 Arnienos

1899 4347 2230 4396 monuerunt
2254 4340 2320 4395 de
2347 4340 2589 4395 cavendo
2613 4355 2802 4396 errore
2828 4343 3037 4412 magnis
3066 4356 3126 4397 se
3146 4341 3463 4399 nominibus

1900 4442 2145 4502 tegente;
2175 4433 2378 4489 Cilicia:
2407 4444 2588 4487 autem
2634 4433 2901 4503 episcopi,
2946 4434 3253 4503 patrocinio
3279 4433 3463 4491 Theo-

1899 4524 2019 4580 dori
2058 4534 2334 4595 suscepto,
2367 4525 2561 4580 litteris
2592 4525 2645 4579 in
2677 4525 2991 4582 Armeniam
3016 4526 3243 4583 directis
3276 4529 3463 4585 Acacii

1899 4627 1952 4673 et
1995 4616 2216 4673 Rabnla:
2265 4621 2471 4673 monita
2505 4619 2724 4674 nonnisi
2755 4634 2822 4674 ex
2873 4620 3055 4675 studio
3098 4623 3466 4678 contentionis

1899 4709 2141 4779 profecta
2182 4714 2592 4768 asseverabant.
2645 4710 2831 4783 Itaque
2880 4713 3150 4782 oppositis
3207 4713 3465 4781 utrinque

230 4805 501 4861 reducere
549 4805 832 4876 satagebat
875 4804 965 4874 (ε).
1008 4804 1355 4874 QuaprOpter
1391 4807 1588 4861 iterum
1632 4814 1794 4879 atque
1829 4803 2126 4897 Dvocibus
2174 4804 2230 4860 in
2284 4820 2484 4875 anceps
2531 4804 2739 4861 redacti
2788 4804 3060 4858 Armenia:
3107 4803 3347 4874 episcopi
3409 4804 3465 4857 in

226 4899 455 4960 iterum,
484 4904 545 4951 ut
576 4896 758 4952 sedem
786 4895 1443 4964 Constantinopolitanam
1477 4907 1793 4968 occuparet,

225 4988 417 5059 populi
452 4989 591 5042 votis
618 4988 913 5056 expetitus,
955 4986 1170 5041 tandem
1201 4994 1325 5055 post
1352 4986 1667 5042 Maximiani
1699 4988 1799 5044 ob—

301 5165 388 5237 (d)
417 5166 630 5237 Sacra}.
667 5164 875 5237 Ilistor.
901 5164 1082 5237 eccles.
1111 5161 1205 5216 lib.
1237 5178 1331 5237 vn,
1362 5178 1410 5237 c_.
1443 5163 1532 5229 εδ,
1564 5164 1663 5237 il,
1687 5165 1789 5237 55;

221 5233 521 5306 Nicephori
546 5235 749 5290 Histor.
769 5236 950 5289 eccles.
972 5236 1183 5306 lib.xw,
1203 5233 1358 5306 cL58;
1379 5233 1667 5302 Ephrscmii
1687 5234 1791 5305 By-

222 5300 439 5365 zantini
466 5305 751 5376 Catalogus
774 5304 1197 5376 patriarcharum
1228 5300 1712 5372 Constantinopol.,
1729 5300 1788 5358 'v.

221 5376 472 5435 3714—19
506 5378 561 5431 in
592 5371 691 5439 Af;
728 5371 856 5429 Maii
884 5371 1282 5445 ΔΙᾏῖοιζαίιεοιιεει.
1316 5384 1547 5445 ceterum
1578 5371 1787 5445 script.,

221 5461 270 5503 t.
318 5446 408 5503 Ill.
440 5462 493 5517 p.
548 5464 586 5508 ι,
630 5462 681 5515 p.
712 5445 837 5517 229.
868 5442 953 5497 Cf.
986 5442 1277 5517 Tillemont
1312 5444 1346 5496 Ι.
1380 5462 1455 5511 e.,
1482 5461 1532 5513 p.
1567 5442 1751 5517 604-16.

328 5513 683 5587 (eiscum.
720 5515 923 5587 Hister.
957 5513 1433 5587 cedes._lib,__vn,
1466 5530 1515 5569 c.
1548 5517 1609 5587 lit
1632 5556 1645 5577 ,
1679 5515 1785 5579 42;

220 5588 286 5643 S.
317 5582 431 5641 Leo
469 5584 870 5656 M.epist.155,
900 5598 951 5637 c.
988 5584 1053 5656 1ί;
1079 5582 1340 5656 $.Cyrill.
1375 5584 1667 5656 Alexandr.
1701 5601 1787 5655 ep.

218 5660 293 5714 51
363 5656 522 5726 (Opp.
565 5652 608 5710 ιζ
640 5655 704 5719 V,
735 5672 788 5725 p.
822 5671 882 5716 tt,
920 5671 972 5722 p.
1017 5652 1139 5723 195)
1159 5652 1223 5726 ;_;
1242 5652 1543 5726 Synodicon
1605 5652 1788 5711 Casin.

218 5745 279 5783 c.
319 5722 449 5779 137:
472 5722 569 5782 'Cl'.
605 5722 895 5780 ‘l‘illeimont
932 5727 966 5778 Ι.
999 5740 1047 5779 c.
1084 5738 1135 5791 p.
1172 5722 1352 5777 70649.

304 5797 640 5867 (nisoerat.
680 5795 819 5867 Hist.
868 5794 1180 5867 ecclesxlil).
1226 5809 1317 5857 vn,
1353 5808 1400 5847 c.
1434 5792 1523 5861 26,
1568 5794 1670 5859 9.9,
1704 5797 1790 5860 '55,

218 5863 339 5939 4οξ
383 5866 681 5938 Synodicon
712 5866 914 5932 (Sosim,
947 5884 995 5920 c.
1034 5863 1151 5918 125.
1228 5908 1233 5917 .

1902 4898 2134 4953 concilio
2186 4907 2524 4961 statuerunt,
2564 4896 2818 4951 Proelum
2863 4910 2927 4950 ea
2955 4893 3023 4951 de
3065 4910 3125 4950 re
3157 4895 3465 4963 consulere,

1903 4990 1972 5042 ad
2000 5005 2160 5059 quem
2200 4989 2340 5046 duos
2383 4989 2730 5059 presbyteros
2769 4987 2978 5058 legatos
3023 4986 3291 5041 miserunt
3338 5003 3464 5043 cum

1969 5164 2041 5233 (g)
2088 5162 2409 5217 Prooemium
2438 5161 2592 5230 hujus
2622 5161 2907 5230 synodica,
2953 5161 3022 5217 de
3060 5178 3163 5233 qua
3198 5163 3339 5219 haud
3373 5165 3463 5219 in.

1898 5233 2156 5303 frequens
2182 5234 2321 5303 apud
2346 5240 2555 5303 veteres
2583 5240 2680 5303 est
2714 5233 2937 5303 mentio,
2987 5236 3251 5303 cxstait‘in
3286 5233 3457 5303 Syno-

1897 5297 2013 5357 dico
2049 5297 2349 5362 Casinensi.
2383 5316 2431 5356 c.
2457 5302 2568 5372 _l50
2596 5299 2703 5372 (ed.
2731 5297 2961 5372 Scbnlz_e
2996 5317 3093 5372 ep.
3131 5300 3274 5372 £29),
3319 5297 3374 5356 et
3408 5305 3463 5359 in

1878 5374 2035 5442 Opp.
2076 5373 2250 5427 Procli
2295 5372 2401 5442 ed.‘
2436 5369 2829 5442 Gall:tnd.,cp.
2871 5369 3119 5442 17ηνίι1.
3165 5369 3463 5442 Synodicon

1897 5440 2079 5498 casm.
2111 5462 2163 5498 c.
2195 5442 2331 5505 1M.
2381 5440 2504 5508 145,
2558 5442 2679 5502 M8,
2718 5440 2838 5499 H9.
2882 5440 3003 5496 158.
3036 5442 3121 5497 Cf.
3171 5440 3465 5500 Tillemont

1896 5523 1935 5568 ι.
1967 5514 2107 5576 xw,
2144 5514 2203 5585 s,
2248 5513 2469 5585 Cyrille,
2522 5522 2625 5565 art.
2655 5510 2755 5585 iet
2787 5512 3022 5585 (p._572.
3062 5511 3209 5585 57s).
3235 5543 3319 5585 7
3345 5515 3464 5569 Alia

1894 5587 2141 5653 quaedam
2177 5584 2234 5640 S.
2268 5581 2444 5639 l‘rocli
2476 5582 2759 5653 synodica,
2806 5581 2964 5653 cujus
2994 5583 3202 5638 mentio
3235 5582 3467 5638 habetur

1894 5651 1949 5708 in
1983 5654 2323 5723 Theodoreti
2341 5651 2625 5723 epist.'86,
2660 5652 2948 5723 posteriori
2984 5662 3230 5723 tempore
3260 5654 3462 5723 scripta

1897 5726 2143 5795 videtur,
2172 5722 2255 5795 Ci.
2307 5722 2673 5795 Ρμϐορδιξηι
2708 5722 3052 5795 i_n__epistolis
3100 5722 3320 5795 ipontiﬂ'.
3352 5722 3463 5780 llo-

1899 5811 2069 5856 nian.,
2102 5792 2360 5847 Monitum
2397 5794 2449 5845 in
2486 5790 2540 5847 S.
2579 5790 2726 5861 Xysti
2762 5787 2941 5864 lll‘ep.
2975 5794 3060 5850 10.
