3996 6340
141 390 157 406 ,
248 332 349 391 ssi

1458 336 1882 395 TESTIMONIA
1925 339 2275 397 VETERUM.

3384 345 3486 403 ϐω

238 453 443 523 ἐτέρας
492 450 697 514 πόλεως
731 450 1116 521 ὀνομασθέντα,
1146 453 1179 523 ἦ
1221 454 1313 508 καὶ
1344 454 1470 509 ὅντα
1499 457 1814 520 ἐπίσκοπον,

1921 457 2396 516 fcrriEcclesiam.
2458 457 2750 516 Ordinatus
2790 461 2971 533 itaque
3018 460 3263 527 Proclus,
3321 462 3487 522 funus

237 546 322 609 είς
355 542 522 615 ἄλλην
553 541 955 614 μετατίθεσθαι.
986 541 1377 613 Ἐνθρονισθεὶς
1400 543 1493 601 οὖν
1525 548 1553 602 ό
1577 549 1816 619 Πρόκλος

235 637 341 709 τὴν
372 634 667 707 ἐκκομιδὴν
706 632 799 687 τοῦ
832 632 1173 706 Μαξιμιανοῦ
1207 634 1457 707 σώματος
1498 640 1810 710 ἐποιήσατο.

1914 553 2160 623 corporis
2191 551 2504 608 Maximiani
2542 553 2875 624 procuravit.

1570 752 1699 809 loeas
1731 756 1887 823 ibid.,
1918 763 2036 828 cap.
2068 760 2157 815 41.

311 864 551 936 Πρόκλος
576 866 640 918 ἐκ
671 863 892 936 πρώτης
910 864 1125 935 ἡλικίας
1150 865 1500 938 άναγνώστης
1530 868 1821 939 ἐτύγχανεν

237 960 337 1025 ὢν,
362 959 553 1029 ἐφοίτα
578 975 637 1011 τε
666 960 746 1021 είς
768 957 1141 1022 διδασκάλους,
1168 959 1260 1012 καί
1291 959 1585 1031 ῥητορικῆς
1613 959 1820 1029 ἐγίνετο

168 1120 171 1123 _
236 1050 509 1123 ζηλωτής.
545 1050 781 1115 Τελέσας
811 1050 870 1104 δὲ
902 1053 983 1116 εἰς
1011 1051 1200 1122 ἄνδρα,
1226 1051 1294 1105 τὰ
1323 1052 1492 1107 πολλὰ
1534 1053 1714 1125 παρῆν
1741 1052 1819 1123 τῷ

234 1142 525 1215 ἐπισκόπῳ
548 1142 797 1214 Ἀττικῷ,
824 1142 1174 1215 ὑπογραφεὺς
1191 1144 1353 1198 αὑτοῦ
1383 1143 1491 1199 τῶν
1520 1144 1693 1214 λόγων
1722 1162 1815 1215 γε·

232 1238 484 1309 νόμενος.
522 1237 880 1310 Προκόψαντα
906 1237 964 1291 δέ
998 1237 1159 1292 αὑτὸν
1199 1238 1294 1291 καὶ
1342 1240 1399 1291 ἐν
1429 1239 1495 1309 τῇ
1535 1237 1685 1305 τάξει
1718 1239 1817 1309 τῆς

232 1331 509 1395 διακονίας
533 1330 775 1393 Ἀττικὸς
800 1332 1174 1404 προηγάγετοο
1203 1332 1456 1399 ἀξιωθεὶς
1483 1333 1540 1387 δέ
1569 1334 1661 1386 καὶ
1690 1350 1819 1404 πρε-

238 1424 579 1497 σϐυτερείου,
631 1424 707 1488 ὡς
752 1428 1033 1497 προεῖπον,
1084 1425 1189 1479 ὑπὸ
1234 1426 1501 1479 Σισιννίου
1536 1425 1673 1497 πρὸς
1718 1425 1818 1496 τὴν

236 1515 483 1580 Κυζίκου
510 1517 815 1587 ἐπισκοπὴν
843 1516 1173 1589 προεϐλήθη.
1207 1515 1340 1572 Τότε
1370 1518 1435 1589 δὴ
1457 1518 1555 1589 τῆς
1577 1520 1635 1571 ἐν
1663 1519 1820 1571 Κων-

236 1610 680 1665 σταντινουπόλει
736 1610 1067 1682 Ἐκκλησίας
1120 1612 1212 1666 τὸν
1266 1610 1453 1682 θρόνον
1510 1608 1817 1682 ἐκληρώθη.

1991 872 2219 928 Proclus
2252 888 2319 928 ex
2353 873 2608 943 primaeva
2636 880 2793 929 aetate
2828 873 2998 929 lector
3028 872 3221 940 fuerat,
3245 882 3300 932 et
3334 878 3488 934 audio

1917 965 1989 1018 tis
2018 965 2444 1035 praeceptoribus
2475 965 2759 1021 rhetorica:
2790 980 3012 1036 operam
3041 964 3287 1022 dederat.
3351 970 3486 1025 Cum

1916 1061 2097 1109 autem
2130 1054 2185 1109 in
2215 1054 2391 1109 virum
2421 1055 2707 1119 evasisset,
2730 1054 2989 1126 episcopo
3020 1053 3203 1109 Attico
3237 1054 3489 1126 frequen-

1915 1154 1998 1201 ter
2018 1146 2242 1210 aderat,
2303 1160 2367 1201 ac
2415 1146 2678 1202 librorum
2730 1146 2879 1203 illius
2944 1145 3295 1202 amanuensis
3350 1155 3488 1203 erat.

1914 1234 2271 1308 Progressum
2294 1245 2497 1301 autem,
2528 1236 2744 1292 Atticus
2772 1236 2840 1291 ad
2870 1235 3194 1292 diaconatus
3216 1237 3380 1292 etiam
3404 1253 3494 1293 or-

1912 1328 2094 1384 dinem
2128 1329 2413 1385 subvexit:
2463 1328 2659 1385 deinde
2702 1337 2756 1384 et
2802 1328 3199 1400 presbyterium
3241 1330 3492 1394 sortitus.

1912 1431 1941 1470 a
1978 1416 2241 1484 Sisinnio,
2278 1418 2421 1473 sicut
2452 1425 2611 1474 antea
2646 1418 2779 1486 dixi,
2833 1417 2902 1473 ad
2933 1418 3309 1489 episcopatum
3337 1418 3495 1493 Cyzi-

1912 1523 2106 1563 cenum
2140 1508 2427 1565 ordinatus
2451 1518 2557 1565 cst.
2590 1508 2945 1567 Postmodum
2977 1526 3106 1566 vero
3134 1519 3189 1566 et
3221 1510 3495 1568 Coustan~

1911 1600 2287 1671 tinopolitanaz
2318 1600 2574 1657 Ecclesiae
2621 1602 2805 1658 sedem
2847 1610 2933 1657 est
2964 1613 3316 1662 consecutus.
3365 1606 3496 1661 Erat

237 1685 347 1753 Ἦν
371 1700 428 1754 δὲ
478 1700 616 1773 ἀνὴρ
648 1700 853 1769 ἀγαθὸς
896 1703 959 1756 τὸ
990 1699 1142 1775 ἦθος,
1172 1707 1221 1759 εί
1251 1706 1344 1760 καί
1374 1723 1459 1770 τις
1490 1705 1675 1769 ἄλλος’
1716 1705 1818 1759 ὑπὸ

1919 1700 2093 1748 autem
2120 1694 2207 1748 hic
2238 1694 2340 1758 vir,
2376 1694 2420 1749 si
2454 1694 2742 1767 quisquam
2778 1695 2940 1762 alius,
2974 1697 3191 1769 ingenio
3230 1713 3293 1753 ac
3308 1700 3494 1781 .mori-

243 1791 350 1864 γὰρ
379 1791 458 1862 τῷ
502 1792 731 1864 Ἀττικῷ
757 1794 1087 1861 παιδευθεὶς,
1120 1797 1299 1851 πάντα
1328 1797 1492 1851 αὑτοῦ
1512 1797 1581 1851 τά
1607 1796 1818 1869 χρηστὰ

1919 1786 2018 1841 bus
2057 1787 2256 1848 bonus.
2289 1787 2451 1841 etiam
2485 1788 2552 1841 ab
2592 1787 2774 1843 Attico
2805 1788 3111 1853 institutus,
3154 1805 3492 1862 quaecunque

236 1884 575 1955 ἐμιμήσατο·
628 1883 726 1956 τὴν
781 1885 837 1939 δέ
890 1886 1258 1953 ἀνεξικακίαν,
1311 1888 1471 1942 πλέον
1515 1890 1581 1960 ἢν
1611 1889 1816 1953 ἐκεῖνος

236 1970 404 2046 εἶχεν,
437 1976 755 2049 ἐξήσκησεν.
812 1977 873 2032 '0
907 1979 1005 2050 μὲν
1048 1979 1159 2051 γὰρ
1185 1983 1295 2044 τοῖς
1320 1979 1669 2051 αἱρεσιὼταις
1724 1997 1818 2050 φο-

236 2069 397 2139 ϐερὸν
426 2071 482 2122 ἐν
508 2069 685 2142 καιρῷ
713 2070 902 2124 ἐαυτὸν
922 2072 1300 2127 ἐπεδείκνυσεν
1316 2091 1328 2103 ·
1362 2068 1515 2138 οὗτος
1532 2073 1588 2127 δὲ
1614 2091 1818 2146 προση-

238 2163 336 2233 νὴς
360 2165 473 2229 τοῖς
500 2166 664 2218 πᾶσιν
695 2165 902 2233 ἐγίνετο
923 2182 938 2196 ο
989 2165 1162 2237 τούτῳ
1191 2166 1248 2220 δὲ
1294 2166 1492 2235 μᾶλλον
1531 2166 1744 2231 αὐτοὺς,
1780 2166 1813 2237 ἢ

242 2254 335 2328 βίᾳ.
383 2256 751 2327 προσάγεσθαι
798 2257 1074 2330 προνοῶν·
1134 2258 1343 2330 αἵρεσιν
1404 2257 1510 2329 γὰρ
1560 2257 1815 2329 οὐδεμίαν

240 2344 491 2399 σκύλλειν
519 2345 859 2418 αἱρούμενος,
911 2347 972 2400 τὸ
1012 2347 1229 2419 ἀξίωμα
1270 2347 1370 2418 τῆς
1413 2348 1717 2418 πραότητος
1748 2350 1815 2419 τῇ

240 2435 542 2512 Ἐκκλησία
575 2436 819 2509 φυλάξας
850 2438 1098 2493 ἀπέδωκε
1117 2456 1130 2469 ·
1198 2437 1339 2493 κατά
1368 2438 1527 2492 τοῦτο
1558 2438 1619 2492 τὸ
1653 2437 1818 2509 μέρος

240 2534 330 2588 τὸν
358 2532 579 2604 βασιλέα
608 2533 941 2604 μιμούμενος
968 2531 1263 2588 Θεοδόσιον.

1571 2734 1701 2788 lusu
1734 2731 1844 2787 ibid
1853 2771 1893 2796 .,

310 2856 436 2909 Ἐπὶ
470 2854 678 2917 τούτοις
719 2852 819 2925 μὲν
854 2846 947 2906 οὖν
980 2852 1072 2905 καὶ
1111 2850 1139 2903 ὁ
1166 2849 1418 2921 βασιλεὺς
1482 2849 1644 2904 αὐτὸν
1676 2850 1815 2904 ἀπε-

233 2947 422 3018 ῖέχετο
457 2963 470 2976 ·
508 2945 732 3017 καὶγὰρ
760 2946 870 3008 τοῖς
903 2942 1114 3016 άληθῶς
1143 2943 1462 3015 ἱερωμένοις
1495 2941 1813 3014 ἐφάμιλλος,

238 3042 335 3094 καὶ
361 3038 593 3110 οὐδαμοῦ
625 3039 749 3101 τοὺς
774 3035 989 3090 διώκειν
1025 3034 1304 3097 ἐθέλοντας
1337 3033 1648 3106 ἀπεδέχετο.

1576 3239 1705 3294 lnatt
1738 3240 1892 3308 ibid.,

311 3364 545 3435 Θνήσκει
589 3363 688 3431 μὲν
728 3362 1024 3435 Βαρϐάρων
1080 3364 1109 3414 ὁ
1143 3362 1399 3435 ἔπαρχος,
1527 3361 1701 3433 ὄνομα
1736 3357 1804 3433 ἦν
1831 3369 1874 3426 C

250 3458 501 3528 Ῥούγας,
532 3456 747 3529 βληθεὶς
789 3454 1038 3528 κεραυνῷ
1058 3473 1072 3487 ·
1116 3455 1301 3525 λοιμός
1339 3473 1399 3509 τε
1427 3456 1818 3527 ἐπιλαϐόμενος

235 3553 303 3607 τὸ
332 3552 576 3605 πλεῖστον
600 3549 707 3603 τῶν
731 3550 822 3602 ὑπ’
849 3541 999 3619 αὐτῷ
1022 3547 1321 3619 ἀνθρώπων
1349 3547 1677 3620 διέφθειρεν.
1706 3548 1818 3602 Καὶ

234 3645 303 3698 οὐ
330 3643 488 3697 τοῦτο
518 3642 677 3713 μόνον
734 3639 1058 3712 ἐξήρκεσεν’
1113 3640 1249 3694 ἀλλὰ
1306 3639 1416 3712 γὰρ
1469 3640 1561 3692 καὶ
1594 3638 1706 3711 πῦρ
1759 3637 1819 3705 ἐξ

234 3734 470 3805 οὐρανοῦ
505 3731 783 3797 κατελθὸν,
818 3731 1044 3795 πολλοὺς
1084 3732 1191 3786 τῶν
1231 3730 1662 3800 ὑπολειφθέντων
1689 3731 1820 3785 ἀνά-

237 3827 431 3880 λωσεν.
465 3824 597 3876 Τότε
651 3822 715 3895 δὴ
768 3821 862 3876 καὶ
919 3824 948 3875 ό
1000 3820 1295 3885 ἐπίσκοπος
1329 3820 1589 3892 Πρόκλος,
1624 3821 1690 3874 ἐκ
1722 3818 1817 3873 τοῦ

252 3917 513 3990 ἰεζεκιὴλ
533 3915 877 3987 ’προφητείαν
903 3915 990 3967 ἐπ’
1010 3914 1302 3986 ἐκκλησίας
1322 3913 1606 3977 διδάσκων,
1636 3914 1702 3984 τῇ
1735 3928 1820 3980 γε·

236 4015 441 4086 νομένῃ
466 4015 531 4067 ἐκ
559 4012 692 4066 Θεοῦ
723 4010 963 4083 σωτηρίᾳ
991 4009 1400 4083 προσαρμόσας,
1431 4007 1630 4071 ἱκανῶς
1659 4006 1817 4060 ἐθαυ-

241 4106 445 4181 μάσθη.
493 4106 557 4159 Ἥ
587 4106 645 4159 δὲ
693 4104 997 4175 προφητεία
1031 4104 1177 4157 ἐστὶν
1206 4102 1344 4173 αὕτη
1370 4120 1384 4133 ο
1446 4100 1557 4155 Καὶ
1588 4100 1691 4164 σὺ,
1725 4099 1818 4154 υἱὲ

236 4200 578 4269 ἀνθρώπου,
608 4198 1033 4267 προρήτευσον
1058 4198 1157 4251 ἐπὶ
1179 4196 1316 4267 Γὼγ
1345 4196 1631 4264 ἄρχοντα,
1650 4196 1813 4262 Ῥὼς,

239 4289 444 4361 Ηισὸχ
474 4290 572 4343 καί
603 4287 789 4342 Θοϐἐλ
810 4303 826 4319 ο
857 4286 1039 4357 κρινῶ
1076 4287 1184 4357 γὰρ
1214 4287 1399 4341 αὐτὸν
1430 4283 1684 4350 θανάτῳ.
1716 4284 1815 4338 καὶ

238 4385 461 4454 αἵματι,
488 4381 587 4436 καὶ
616 4379 767 4446 ὐετῷ
807 4377 1259 4440 κατακλύζοντι,
1287 4377 1386 4432 καί
1408 4379 1602 4445 λίθοις
1629 4376 1816 4447 χαλά-

237 4473 375 4541 ζης·
434 4471 535 4525 καί
586 4470 729 4540 πῦρ,
764 4469 862 4524 καὶ
903 4468 1066 4524 θεῖον
1095 4469 1296 4539 ,βρέξω
1346 4469 1440 4522 ἐπ’
1469 4468 1675 4532 αὐτὸν,
1716 4467 1816 4522 καὶ

236 4563 339 4617 ἐπὶ
372 4562 603 4628 πάντας
629 4561 770 4628 τοὺς
792 4562 918 4631 μετ’
943 4561 1152 4626 αὐτοῦ,
1187 4560 1285 4614 καὶ
1311 4563 1398 4627 είς
1424 4560 1571 4628 ἔθνη
1613 4560 1817 4615 πολλὰ

238 4656 360 4725 μετ’
381 4653 587 4709 αὐτοῦ.
613 4653 722 4708 Kal
746 4650 1296 4723 μεταλυνθήσομαι,
1321 4652 1417 4706 καὶ
1447 4650 1815 4719 dir-60810073-

1915 1878 1973 1933 in
2004 1878 2097 1933 illo
2127 1878 2267 1933 bona
2315 1876 2551 1944 fuerant,
2596 1878 2842 1936 imitatus
2871 1887 2956 1937 est
2982 1899 2997 1949 ;
3056 1882 3342 1938 clementia
3365 1899 3493 1939 vero

1918 1985 2053 2025 usus
2076 1978 2157 2025 est
2186 1970 2414 2041 majore,
2462 1985 2624 2041 quam
2679 1971 2730 2026 in
2764 1972 2944 2027 Attico
2975 1972 3166 2029 fuerat.
3222 1974 3315 2030 ille
3342 1990 3495 2030 nam-

1918 2081 2025 2136 que
2080 2064 2352 2121 haercticis
2404 2065 2704 2120 terribilem
2757 2082 2817 2123 se
2869 2082 2967 2138 pro
3020 2076 3263 2140 tempore
3313 2081 3495 2126 osten-

1917 2157 2105 2225 derat;
2163 2156 2253 2212 hic
2303 2173 2434 2212 vero
2480 2157 2735 2213 omnibus
2781 2157 3027 2229 placidus
3058 2158 3181 2226 fuit,
3224 2160 3402 2216 ethoc
3436 2177 3495 2217 se

1916 2259 2077 2319 pacto
2108 2264 2203 2304 eos
2248 2249 2419 2321 magis
2468 2263 2631 2320 quam
2665 2249 2923 2305 violentia
2956 2258 3317 2306 attracturum
3353 2268 3493 2324 prae.-

1916 2343 2207 2414 cogitavit:
2248 2344 2449 2399 etenim
2481 2343 2687 2398 nullam
2728 2343 2977 2399 haeresim
3003 2344 3255 2401 divexare
3280 2346 3486 2412 volens,

1916 2434 2334 2491 mansuetudine
2355 2436 2670 2506 dignitatem
2698 2434 2955 2492 Ecclesiae
2984 2437 3188 2492 salvam
3216 2438 3490 2501 restituit;

1918 2536 2081 2599 atque
2124 2543 2189 2585 ea
2238 2530 2294 2583 in
2335 2544 2394 2585 re
2443 2528 2809 2586 Theodosium
2871 2530 3256 2601 imperatorem
3308 2529 3491 2585 imita-

1919 2629 2010 2675 tus
2037 2630 2142 2676 est.

1928 2747 2047 2800 cap.
2084 2728 2175 2784 42.

1994 2847 2107 2903 Hac
2138 2849 2321 2919 itaque
2354 2848 2566 2903 ratione
2598 2847 2894 2920 imperator
2915 2847 3166 2904 Proclum
3197 2850 3488 2913 laudabat;

1921 2958 2046 2997 nam
2085 2950 2139 2998 et
2175 2942 2290 3013 ipse
2328 2956 2488 2997 veros
2529 2941 2845 2997 imitabatur
2873 2942 3206 3007 sacerdotes.
3250 2960 3351 3000 nec
3381 2945 3493 3000 ullo

1921 3045 2082 3105 pacto
2108 3049 2207 3090 eos
2224 3032 2560 3103 approbabat
2612 3032 2706 3103 qui
2754 3033 2821 3088 ad
2870 3036 3305 3105 persequendum
3334 3046 3491 3092 erant

1920 3127 2118 3197 parati.

1928 3257 2044 3310 cap.
2076 3242 2166 3296 45.

1975 3365 2335 3420 Barbarorum
2384 3366 2517 3432 dux,
2571 3367 2789 3423 nomine
2838 3365 3043 3440 Rogas,
3084 3367 3311 3424 fulmine
3347 3368 3490 3423 ictus

1916 3458 2162 3524 interiit;
2220 3468 2273 3513 et
2301 3459 2472 3529 pestis
2518 3459 2810 3516 subsecuta
2849 3461 3141 3516 maximam
3176 3476 3366 3518 eorum
3390 3462 3489 3515 ho-

1918 3551 2125 3606 minum
2150 3551 2242 3622 qui
2275 3552 2377 3607 sub
2415 3552 2509 3607 illo
2542 3551 2782 3619 fuerant,
2813 3560 3021 3624 partem
3054 3554 3345 3611 interemit.
3382 3554 3489 3609 Ne-

1917 3659 2023 3713 que
2049 3644 2129 3700 sic
2158 3645 2315 3716 plaga
2348 3644 2554 3716 quievit
2579 3663 2593 3713 ;
2626 3645 2721 3702 sed
2755 3653 2811 3701 et
2831 3645 2975 3718 ignis
2994 3661 3025 3702 e
3044 3647 3185 3701 cmlu
3213 3645 3490 3716 delapsus.

1918 3738 2182 3806 plurimos
2202 3753 2270 3792 ex
2297 3738 2366 3793 iis
2393 3738 2488 3809 qui
2521 3747 2924 3804 remanserunt,
2957 3738 3314 3809 consumpsit.
3339 3736 3493 3793 Tunc

1918 3836 2051 3884 sane
2078 3830 2370 3900 episcopus
2402 3828 2652 3894 Proclus,
2686 3846 2809 3884 cum
2845 3830 2903 3885 in
2932 3831 3164 3887 ecclesia
3193 3828 3259 3883 de
3289 3830 3489 3883 collata

1918 3921 2092 3975 salute
2116 3920 2417 3977 Ezechielis
2441 3929 2738 3991 exponeret
2758 3921 3118 3993 prophetiam,
3144 3920 3490 3976 admirationi

1917 4010 2022 4065 fuit
2050 4011 2287 4067 abunde.
2335 4011 2508 4067 Erant
2532 4021 2715 4066 autem
2755 4010 2918 4065 verba
2945 4008 3272 4079 prophetiae:
3316 4007 3384 4061 Et
3411 4017 3487 4073 tu,

1917 4104 1999 4169 ﬁli
2039 4102 2287 4166 hominis,
2335 4103 2624 4156 vaticinans
2651 4112 2837 4157 contra
2858 4100 2968 4171 Gog
2990 4100 3301 4171 principem,
3327 4097 3487 4163 thos,

1917 4193 2124 4248 Misoclt
2156 4203 2205 4249 et
2238 4194 2432 4260 Tobel;
2463 4193 2723 4263 iudicabo
2746 4194 2886 4247 enim
2915 4209 3034 4249 eum
3068 4201 3257 4256 morte,
3290 4202 3340 4248 et
3365 4210 3491 4248 san-

1915 4287 2071 4357 guine
2094 4296 2142 4340 et
2170 4286 2333 4340 imbre
2360 4286 2661 4349 vehementi,
2711 4296 2759 4341 et
2800 4285 3062 4355 lapidibus
3083 4284 3393 4357 grandinis;
3438 4295 3493 4341 et

1916 4379 2107 4449 ignem,
2146 4388 2196 4434 et
2228 4378 2450 4447 sulphur
2476 4378 2657 4447 plnum
2693 4394 2850 4448 super
2872 4394 3015 4444 eum,
3041 4389 3091 4434 et
3128 4393 3283 4447 super
3312 4395 3489 4435 omnes

1915 4472 2006 4542 qui
2043 4488 2162 4525 cum
2186 4488 2267 4535 eo,
2308 4481 2358 4525 et
2405 4486 2562 4540 super
2579 4479 2755 4541 genus
2783 4471 2979 4526 multas
3012 4487 3131 4525 cum
3158 4486 3240 4527 eo.
3272 4469 3342 4524 Et
3375 4487 3491 4524 rna-

1916 4563 2208 4635 gm’ﬁcabor
2233 4572 2283 4620 et
2328 4562 2690 4634 gloriﬁcabor,
2740 4571 2790 4619 et
2815 4573 2969 4619 notus
2994 4580 3085 4618 ero
3122 4565 3176 4618 in
3215 4575 3493 4633 conspectu

1917 4655 2208 4709 multarum
2255 4657 2520 4727 gentium:
2562 4664 2611 4710 et
2635 4664 2943 4727 cognoscent
2978 4656 3106 4727 quia
3131 4671 3226 4726 ego
3243 4671 3362 4710 sunt
3385 4653 3488 4708 Do-

239 4762 441 4814 σομαι,
470 4745 567 4799 καὶ
589 4743 1013 4814 γνωσθ-ήσομαι
1030 4744 1312 4798 ἐναντίον
1325 4742 1572 4797 πολλῶν
1595 4742 1786 4798 ἐθνῶν
1801 4761 1814 4774 ·

1920 4747 2093 4800 minus
2119 4747 2158 4801 ³.
2193 4744 2555 4801 Vehementer
2585 4745 2791 4816 itaque,
2829 4747 2971 4802 sicut
2999 4746 3135 4810 disi,
3160 4744 3233 4801 ob
3264 4744 3371 4801 ista
3392 4741 3497 4798 ad.-

240 4838 341 4892 xal
366 4836 698 4907 γνώσονται
725 4834 814 4889 ὅτι
843 4833 957 4904 ἐγώ
986 4836 1103 4902 ειμι
1132 4837 1165 4887 ό
1189 4835 1423 4903 Κύριος.
1471 4834 1684 4906 Σφόδρα
1716 4835 1814 4906 μὲν

238 4927 356 4998 οὖν,
391 4929 466 4995 ὡς
494 4929 649 5002 ἔφην,
683 4926 998 4999 ἐθαυμάσθη
1027 4926 1122 4979 ἐπὶ
1150 4926 1358 4991 τούτοις
1389 4928 1417 4979 ὁ
1452 4927 1712 4999 Πρόκλος.

1920 4835 2194 4892 mirationi
2222 4836 2325 4892 fuit
2351 4835 2600 4895 Proclus.

1829 5021 1934 5081 III.

319 5126 403 5180 Ea:
427 5125 661 5182 concilio
712 5123 1053 5180 Antiocheno
1091 5122 1195 5179 sub
1223 5120 2022 5261 Βοωηοάὲεεπιοίὲεέἓοηξῶἓι
2048 5124 2267 5250 ορὲιὲιὲιίἰ
2300 5123 2585 5192 Chalced.,
2616 5122 2743 5179 edit.
2800 5121 2923 5178 Ven.
2957 5122 3121 5181 Labb.
3160 5134 3287 5181 tom.
3318 5121 3411 5193 Π,

1530 5210 1645 5261 agg.
1823 5235 1836 5259 ,
2013 5238 2029 5261 ,
2215 5233 2230 5248 .

1530 5210 1645 5264 agg.
1678 5210 1836 5259 ιοου,
1872 5210 2029 5263 ιδοκ,
2068 5210 2230 5250 woo.

314 5308 517 5380 Δόμνος
546 5308 844 5370 ἐπίσκοπος
871 5306 1306 5378 τῆςἈντιοχείας
1332 5300 1483 5359 εἶπεν
1500 5322 1513 5335 ·
1557 5301 1686 5360 Οἶδα
1715 5308 1814 5361 κὰ-

1982 5307 2226 5364 Domnus
2254 5308 2545 5378 cpiscopus
2571 5307 2875 5363 Antiochia
2902 5306 3071 5362 dixit:
3118 5305 3253 5363 Novi
3290 5317 3346 5364 et
3381 5324 3482 5378 ego

238 5398 325 5468 γὼ
358 5397 789 5469 ἐκδεδημηκὲναι
828 5396 920 5450 τὸν
972 5397 1268 5450 ἐπίσκοπον
1310 5395 1624 5450 Ἀθανάσιον
1647 5412 1660 5427 ·
1722 5398 1817 5451 καὶ

1919 5399 2238 5456 formidasse
2297 5401 2811 5457 rcverendissimum
2869 5399 3184 5471 episcopum
3239 5400 3482 5457 Athana—

240 5491 351 5563 γάρ
393 5488 617 5561 ἐκόμισέ
653 5506 743 5561 μοι
786 5488 1086 5559 γράμματα
1135 5487 1240 5542 τῶν
1274 5486 1696 5558 θεοφιλεστάτων
1722 5488 1815 5541 καὶ

1919 5494 2052 5551 sium
2076 5509 2088 5544 :
2113 5508 2236 5548 nam
2259 5493 2451 5549 detulit
2475 5494 2606 5549 mihi
2630 5493 2837 5549 litteras
2865 5491 2958 5549 Dei
2981 5492 3481 5549 amantissimorum

243 5582 562 5651 ἁγιωτάτων
586 5581 919 5647 ἐπισκόπων,
946 5579 1040 5634 τοῦ
1067 5579 1253 5651 κυρίου
1282 5579 1815 5653 Πρόκλου,φημὶ,καὶ

1919 5589 1964 5638 et
1989 5583 2459 5639 sanctissimorum
2504 5584 2907 5656 episcoporum,
2955 5582 3141 5640 domui
3169 5582 3348 5640 Procli
3371 5583 3483 5642 sci-

239 5671 334 5724 τοῡ
361 5672 555 5745 κυρίου
589 5671 883 5743 Κυρίλλου.

1919 5675 2039 5730 licet
2069 5681 2122 5730 ct
2150 5674 2333 5731 domni
2363 5674 2574 5748 Cyrilli.

317 5818 333 5851 ³
373 5817 571 5875 Ezech.
607 5833 835 5882 xxxvut.
870 5818 938 5871 ἓξ
976 5833 1090 5888 seq.
