4026 6342
505 311 611 371 663
1597 310 1654 368 s.
1695 311 2016 371 PROCLUS
2052 296 2158 370 ep.
2200 312 2594 370 EPISCOPUS.
3617 290 3721 364 se;

556 428 883 487 Theodorus
927 426 1218 498 episcopus
1258 420 1420 483 dixit:
1478 428 1678 485 Divina:
1728 432 1919 487 litterae
1965 447 2060 502 per
2090 446 2132 500 Α

2244 432 2502 505 Θεόδωρος
2546 431 2841 493 ἐπίσκοπος
2885 428 3065 483 εἶπενο
3101 431 3264 483 Ὅσια
3294 425 3596 498 γράμματα
3641 425 3734 481 διὰ
3826 416 3834 423 ’

498 522 595 581 Dei
624 521 1058 578 amantissimum
1100 520 1415 591 episcopum
1445 518 1803 578 Athanasium
1837 523 2063 594 prolatae

2161 523 2254 578 τοῦ
2279 523 2686 592 θεοφιλεστάτου
2728 522 3025 576 ἐπισκόπου
3065 520 3380 575 Ἀθανασίου
3408 518 3734 589 κεκόμισται

494 624 622 673 sunt
650 620 967 671 sanctorum
997 612 1556 684 archiepiscoporum.
1584 613 1781 669 lubeat
1812 623 1904 670 tua
1935 631 2063 670 san-

2160 613 2269 666 τῶν
2305 612 2621 681 ἁγιωτάτων
2662 613 2754 666 καὶ
2790 611 3215 681 θεοφιλεστὰτων
3257 611 3585 665 ἐπισκόπων.
3623 610 3735 663 Κε-

495 710 659 767 ctitas
688 708 792 763 has
821 707 989 779 relegi
1021 721 1211 763 coram
1232 716 1422 785 sancto
1454 707 1708 763 concilio.

2163 698 2416 754 λευσάτω-
2435 718 2525 753 σου
2551 702 2584 772 ἡ
2615 700 2861 771 ἁγιότης,
2886 699 3058 755 ταῦτα
3086 696 3499 769 ἀναγνωσθῆναι
3521 696 3614 749 ἐπὶ
3632 697 3732 768 τῆς

2168 789 2328 844 ἁγίας
2357 789 2592 843 συνόδου.

572 883 919 940 Theoctistus
948 881 1237 953 episcOpus
1277 880 1547 936 Berl-haue
1575 882 1751 936 dixit:
1797 880 1921 937 Haec
1946 881 2061 952 ipsa

2168 806 2328 858 αγιας
2357 806 2592 843 συνοοου.

2234 880 2552 945 Θεόκτιστος
2606 880 2901 946 ἐπίσκοπος
2939 880 3200 953 Βερῤοίας
3242 874 3400 933 εἷπε·
3457 875 3540 931 Τὰ
3593 877 3735 933 αὐτὰ

498 983 555 1030 et
599 989 699 1045 ego
742 972 1012 1044 perspexi,
1061 973 1189 1043 quia
1235 970 1371 1026 falsa
1408 971 1653 1027 docuerit
1685 971 1990 1026 sanctissim

2168 971 2401 1025 συνεῖδον
2433 970 2586 1042 κάγὼ
2611 971 2687 1033 ὡς
2709 972 2877 1043 ψευδῆ
2906 972 3112 1038 ἐδίδαξε
3136 971 3259 1033 τοὺς
3280 968 3610 1038 ἁγιωτάτους
3638 965 3736 1019 καὶ

500 1074 554 1119 et
578 1062 1074 1120 venerabilissimos
1104 1061 1410 1132 episcopos,
1443 1061 1692 1116 Proclum
1726 1062 1972 1117 videlicet
2007 1069 2060 1115 et

2176 1062 2492 1126 5σιωτὰτους
2530 1064 3010 1135 ἀρχιεπισκόπους,
3042 1061 3284 1133 Πρόκλον
3324 1061 3467 1131 φημὶ
3500 1058 3595 1111 καὶ
3619 1056 3735 1110 Κύ-
3762 1061 3766 1064 ’

496 1154 781 1227 Cyrillum,
817 1154 1301 1210 reverendissimus
1323 1155 1614 1225 cpiscopus
1641 1156 1994 1210 Athanasius.

1929 1171 1994 1209 ts.
2170 1156 2343 1226 ριλλον
2377 1158 2405 1210 ὁ
2430 1156 2820 1219 εὐλαϐέστατος
2853 1155 3144 1218 ἐπίσκοπος
3183 1152 3517 1215 ⁹Αοανάσιος.

567 1243 779 1300 Sabbas
810 1245 1097 1315 episcopus
1128 1244 1295 1300 dixit:
1342 1245 1401 1300 Si
1427 1246 1660 1316 quietem
1695 1247 1941 1318 diligeret
1974 1262 2060 1301 re-

2234 1245 2445 1308 Σάϐϐας
2472 1246 2767 1308 ἐπίσκοπος
2792 1241 2978 1298 εἶπενο
3032 1245 3093 1297 Εἰ
3140 1243 3237 1315 τὴν
3281 1239 3509 1313 ἡσυχίαν
3547 1239 3736 1308 ἠγάπα

500 1336 926 1392 verendissimus
946 1336 1235 1406 episcopus
1253 1337 1604 1403 Athanasius,
1632 1354 1740 1392 non
1761 1354 1882 1392 eum
1905 1354 2065 1410 opor-

2169 1341 2198 1391 ό
2244 1338 2632 1400 εὐλαϐέστατος
2691 1337 2987 1399 ἐπίσκοπος
3046 1333 3359 1395 Ἀθανὰσιος
3389 1372 3403 1393 ,
3477 1329 3576 1383 οὐκ
3630 1329 3740 1382 ἔδει

499 1434 681 1482 tuerat
711 1437 834 1497 post
860 1428 1145 1498 repudium
1176 1436 1227 1483 et
1253 1429 1660 1498 jusjurandum,
1691 1431 2061 1500 importunum

2171 1431 2330 1483 αὐτὸν
2384 1430 2519 1500 μετὰ
2572 1428 2899 1500 παραίτησιν
2928 1427 3020 1480 καὶ
3072 1427 3267 1498 ὅρκους
3310 1420 3591 1493 ἐνοχλῆσαι
3623 1426 3738 1478 τοῖς

498 1519 761 1574 exsistere
810 1519 1173 1576 sanctissimis
1224 1519 1478 1576 Patribus
1535 1528 1589 1576 et
1642 1521 2065 1591 archiepiscopis

2173 1523 2345 1591 ἁγίοις
2375 1523 2621 1594 Πατρὰσι
2653 1521 2746 1575 καὶ
2768 1519 3213 1594 ἀρχιεπισκόποις
3244 1515 3470 1589 Πρόκλῳ
3500 1513 3592 1567 καὶ
3619 1512 3738 1565 Κυ-

500 1610 692 1666 Proclo
718 1619 773 1668 et
802 1611 1021 1684 Cyrillo.

766 1626 773 1666 ;
802 1611 1021 1684 Cyrillo.
2178 1614 2356 1687 ρίλλῳ.

2098 1728 2199 1787 IV.

1112 1853 1492 1910 Tueonontrus
1516 1856 1676 1925 epist.
1710 1872 1928 1920 LXXXVI,
1962 1855 2027 1910 ad
2063 1853 2400 1921 Flavianum,
2431 1856 2561 1925 Opp.
2597 1852 2815 1919 tom.i|l,
2841 1870 2962 1923 pag.
2994 1851 3118 1907 961.

573 1963 741 2028 Scito,
766 1963 1005 2026 domine,
1039 1964 1184 2034 quod
1206 1965 1443 2019 demisso
1466 1980 1590 2035 erga
1617 1981 1716 2019 nos
1739 1966 1919 2019 animo
1943 1965 2062 2028 fuit,
2100 1980 2138 2033 Β

2240 1965 2399 2029 Ἴσθι,
2451 1966 2706 2030 δέσποτα,
2757 1965 2831 2028 ὡς
2875 1964 2974 2035 τὴν
3007 1962 3142 2035 πρὸς
3193 1960 3347 2033 ἡμῶν
3395 1959 3520 2029 ἔσχε
3556 1974 3739 2031 μικρο-

502 2068 569 2108 ex
598 2068 705 2121 quo
761 2054 815 2106 in
857 2055 989 2109 urbe
1024 2062 1226 2117 vestra,
1284 2062 1524 2123 tempore
1582 2056 1751 2109 beatae
1797 2056 2070 2109 memoriae

2173 2056 2391 2127 ψυχίαν,
2443 2058 2502 2121 ἐξ
2530 2050 2591 2110 οὗ
2640 2060 2752 2120 τοῖς
2793 2057 2918 2127 παρ’
2952 2056 3079 2125 ὑμῖν
3107 2051 3491 2123 γεγενημένοις
3543 2048 3745 2101 συνοδι-

503 2140 701 2210 Procli,
727 2144 986 2215 synodica
1032 2153 1153 2199 acta
1183 2148 1608 2216 composuimus,
1660 2155 1947 2217 sequentes
1979 2163 2069 2202 ca-

2174 2153 2307 2213 κοῖς,
2363 2151 2455 2204 ἐπὶ
2485 2149 2577 2202 τοῦ
2627 2151 2725 2220 τῆς
2757 2148 3028 2219 μακαρίας
3062 2147 3279 2217 μνήμης
3320 2140 3582 2212 Πρόκλου,
3617 2155 3746 2191 συν-

505 2250 678 2291 nones
701 2244 1015 2291 sanctorum
1054 2235 1295 2291 Patrum.

2171 2239 2425 2311 εθὲμεθα,
2474 2243 2587 2304 τοῖς
2634 2241 2741 2293 τῶν
2779 2238 2945 2307 ἁγίων
2984 2237 3241 2308 Πατέρων
3279 2233 3497 2290 κανόσιν
3521 2230 3746 2284 ἀκολου-

2173 2328 2457 2399 (δήσαντες.

1458 2442 1589 2496 lusu
1615 2442 1781 2512 epist.
1817 2459 1907 2505 cs,
1935 2444 2001 2498 ad
2031 2444 2323 2513 Domuum,
2353 2446 2483 2499 ibid.
2519 2461 2638 2515 pag.
2665 2444 2789 2501 980.

575 2554 1036 2615 Consuetudinem
1097 2559 1278 2629 itaque
1324 2563 1492 2616 secuti
1535 2579 1745 2627 sun'ius,
1805 2576 1858 2619 et
1904 2566 2078 2619 homi-

2258 2566 2408 2620 Ἕθει
2440 2566 2616 2620 τοίνυν
2640 2565 3102 2636 ἡκολουθήσαμεν,
3140 2562 3233 2614 καὶ
3263 2558 3514 2629 ἀνδράσιν
3548 2558 3748 2627 ἐπισή-

506 2662 608 2702 nes
637 2648 897 2722 insignes,
929 2660 1043 2707 tum
1121 2652 1393 2719 doctrina,
1456 2664 1569 2708 tum
1634 2658 1743 2709 vita
1803 2656 2067 2712 celebres.

2176 2675 2315 2730 μοις,
2337 2659 2430 2711 καὶ
2455 2658 2546 2711 ἐπὶ
2577 2655 2771 2725 γνώσει
2797 2657 2890 2709 καὶ
2912 2655 3010 2725 βίῳ
3065 2650 3539 2723 πολυθρυλλήτοις.
3569 2648 3747 2701 Πολλὲι

508 2738 674 2795 nulla
703 2744 866 2798 etiam
915 2746 1019 2799 alia
1075 2746 1388 2816 hujusmodi
1424 2748 1595 2803 beata;
1637 2751 1909 2805 memoriae
1944 2749 2074 2804 Pro-

2171 2751 2227 2804 δὲ
2278 2752 2369 2803 καὶ
2417 2749 2553 2803 ἄλλα
2613 2749 2835 2802 τοιαῦτα
2862 2746 3237 2815 δεδιδαγμένος
3282 2746 3310 2797 ὁ
3338 2744 3436 2813 τῆς
3468 2740 3746 2813 μακαρίας

508 2834 625 2888 clus
662 2832 1299 2908 Constantiuopolitanus
1364 2841 1651 2910 epiSCOpus
1702 2842 1963 2907 edoctus,
2019 2851 2074 2896 et

2177 2841 2393 2911 μνήμης
2410 2838 2648 2910 Πρόκλος
2676 2840 2702 2890 ὁ
2724 2837 2822 2906 τῆς
2847 2832 3487 2890 Κωνσταντινουπολιτῶν
3512 2831 3734 2884 ἐπίσκο-

508 2925 626 2995 ipse
663 2928 1058 2985 ordinationem
1112 2931 1351 3001 suscepit
1375 2941 1428 2986 et
1459 2932 1733 2997 laudavit,
1774 2933 2073 3003 litterisque

2175 2949 2296 2995 πος,
2323 2931 2419 2985 καὶ
2448 2930 2608 2993 αὐτὸς
2632 2929 2728 3001 τὴν
2756 2927 3086 3000 χειροτονίαν
3114 2924 3351 2992 ἐδέξατο,
3383 2924 3476 2978 καὶ
3512 2921 3749 2994 ἔγραψεν

510 3021 848 3091 approbavit.

2177 3024 2411 3078 ἐπαινῶν
2437 3023 2528 3076 καὶ
2548 3022 2858 3090 θαυμάζων.

2096 3139 2171 3199 ν.

654 3258 739 3314 Ea:
760 3259 937 3315 libello
965 3258 1180 3315 Eusebii
1218 3261 1443 3331 episcopi
1476 3261 1704 3334 Dorylwi
1735 3265 1791 3317 in
1818 3272 1923 3319 act.
1958 3280 1974 3318 ι
2014 3279 2169 3319 conc.
2212 3262 2493 3326 Clialced.,
2518 3260 2646 3315 edit.
2680 3259 2807 3315 Ven.
2851 3256 3015 3312 Labb.
3054 3265 3179 3311 tom.
3209 3252 3299 3320 ιν,
3332 3270 3449 3325 pag.
3479 3252 3602 3308 951.

586 3376 645 3429 in
675 3374 778 3430 ﬁde
802 3386 1118 3458 sanctorum.
1137 3374 1357 3431 Patrum
1390 3386 1755 3434 trecentorum
1803 3379 1993 3434 decem
2017 3387 2071 3433 et
2103 3384 2148 3442 ο

2247 3379 2325 3451 Τῇ
2361 3371 2541 3431 πίστει
2582 3376 2690 3431 τῶν
2733 3376 2901 3445 ἁγίων
2944 3372 3224 3445 Πατέρων,
3275 3370 3385 3425 τῶν
3426 3368 3754 3442 τριακοσίων

516 3475 640 3523 octo
671 3467 726 3522 in
753 3465 931 3523 Nicaea
957 3477 1427 3540 congregatur-um,
1455 3477 1508 3525 et
1540 3471 1594 3525 in
1627 3470 1712 3526 his
1741 3485 1862 3540 qua:
1893 3472 2075 3540 sapuit

2169 3473 2299 3526 δέκα
2331 3473 2424 3525 καὶ
2446 3470 2612 3534 ὀκτὼ,
2640 3470 2747 3524 τῶν
2784 3473 2841 3524 ἐν
2873 3468 3075 3541 Νικαίᾳ
3104 3464 3616 3537 συναγηγερμένων,
3653 3462 3752 3516 καὶ

515 3566 573 3612 et
611 3557 860 3628 exposuit
898 3556 1246 3615 beatissimus
1283 3559 1520 3632 Cyrillus
1556 3561 1935 3617 Alexandrinae
1973 3578 2079 3617 ma-

2169 3566 2282 3626 τοῖς
2307 3563 2619 3637 φρονηθεῖσι
2647 3563 2739 3616 καὶ
2758 3562 3024 3616 ἐκτεθεῖσι
3049 3559 3201 3633 παρὰ
3228 3559 3321 3613 τοῦ
3357 3556 3625 3629 μακαρίου
3643 3559 3753 3611 Κυ-

518 3663 640 3715 gnte
686 3648 922 3705 civitatis
972 3650 1245 3721 quondam
1306 3652 1640 3722 episcOpus,
1724 3661 1778 3708 et
1850 3669 2079 3725 magnus

2179 3655 2355 3727 ρίλλου
2386 3656 2479 3709 τοῦ
2514 3657 2611 3728 τῆς
2656 3654 3048 3726 Ἀλεξανδρέων
3083 3651 3494 3724 μεγαλοπόλεως
3527 3647 3751 3718 γεγονό-

518 3739 871 3810 Athanasius,
909 3747 964 3797 et
998 3738 1315 3813 Gregorius,
1352 3738 1691 3812 ct'Proclus,
1744 3746 1919 3801 sancti
1966 3746 2080 3818 epi-

2173 3766 2265 3813 τος
2296 3749 2615 3811 ἐπισκόπου,
2640 3750 2734 3803 καὶ
2758 3747 3071 3801 ’Λθανασίου
3096 3745 3189 3800 τοῦ
3220 3745 3475 3816 μεγάλου,
3500 3743 3589 3796 καὶ
3611 3742 3650 3795 Γ
3656 3759 3754 3814 ρη-

521 3832 694 3904 scopi.
2178 3840 2386 3913 γορίου,
2420 3842 2515 3895 καὶ
2541 3840 2785 3912 Πρόκλου
2812 3838 2921 3893 τῶν
2952 3838 3122 3908 ἁγίων
3155 3838 3485 3892 ἐπισκόπων.

1307 3950 1390 4007 Ex
1417 3961 1524 4009 act.
1551 3970 1605 4009 XI
1633 3954 1869 4025 ejusdem
1891 3970 2052 4013 conc.
2076 3954 2359 4023 Chalced.,
2391 3958 2522 4013 ibid.
2569 3955 2700 4013 1611
2728 3964 2783 4012 et
2816 3955 2981 4010 16M.

593 4058 865 4118 Lucianus
891 4062 1379 4123 reverendissimus
1406 4066 1697 4139 episcopus
1719 4067 1893 4142 Byziae
1922 4069 2079 4126 dixit:

2257 4072 2553 4138 Λουκιανὸς
2574 4075 2603 4127 ό
2627 4071 3018 4136 εὐλαϐέστατος
3036 4069 3328 4134 ἐπίσκοπος
3342 4068 3540 4140 Βύζης,
3568 4062 3752 4122 εἶπεν·

522 4150 774 4225 Suscepit
817 4170 942 4211 eum
987 4156 1315 4214 beatissima;
1354 4161 1628 4215 memoria:
1659 4160 1906 4218 Proclus.
1951 4160 2082 4217 Glo-

2187 4164 2435 4233 Ἐδέξατο
2461 4166 2623 4220 αὐτὸν
2648 4168 2676 4220 ό
2707 4164 3015 4237 μακαρίτης
3044 4162 3297 4234 Πρόκλος.
3334 4162 3397 4216 οι
3427 4158 3755 4226 ἐνδοξότατοι

521 4246 811 4303 riosissimi
829 4249 1042 4318 judices
1070 4251 1357 4308 dixerunt:
1401 4253 1456 4308 Si
1486 4254 1712 4312 Proclus
1738 4267 1939 4313 sancta:
1968 4274 2083 4313 me-

2186 4257 2444 4329 ἁρχοντες
2472 4254 2655 4311 εἷπονσ
2709 4258 2769 4311 Εἰ
2794 4255 3034 4327 Πρόκλος
3072 4257 3101 4308 ὁ
3141 4253 3240 4325 τῆς
3268 4253 3419 4316 όσίας
3455 4253 3695 4323 μνήμης,
3724 4254 3762 4306 ὁ

523 4338 741 4403 ιηονίαι,
776 4339 868 4409 qui
895 4340 995 4394 fuit
1033 4343 1475 4415 archiepiscopus
1513 4348 1674 4417 regia:
1701 4349 2085 4404 Constantino-

2188 4350 2423 4422 γεγονὼς
2440 4350 2865 4422 ἁρχιεπίσκοπος
2878 4345 3514 4409 Κωνσταντινουπόλεως,
3532 4343 3756 4408 ἐδέξατο

524 4432 684 4501 polis,
740 4434 982 4506 suscepit
1032 4434 1352 4493 Bassianum
1408 4441 1923 4498 reverendissimum
1969 4445 2084 4514 epi-

2187 4444 2348 4497 αὺτὸν
2375 4442 2669 4498 Βασσιανὸν
2720 4443 2810 4496 τὸν
2838 4441 3228 4495 εὐλαϐέστατον
3274 4438 3606 4502 ἐπίσκοπον,
3655 4438 3754 4491 καὶ

524 4540 789 4596 scopum,
846 4535 901 4582 et
955 4530 1373 4584 communicavit
1426 4531 1476 4583 ei
1534 4539 1794 4602 tanquam
1829 4535 2084 4606 episcopo

2189 4533 2541 4604 ἐκοινώνησεν
2567 4532 2713 4604 αὺτῷ
2740 4533 2815 4597 ὡς
2842 4530 3123 4601 ἐπισκόπῳ
3150 4531 3247 4602 τῆς
3260 4528 3520 4598 Ἐφεσίων
3547 4544 3753 4600 μητρο-

524 4617 878 4689 Ephesiorum
902 4621 1216 4689 metropolis
1259 4620 1746 4678 reverendissimus
1766 4625 1945 4679 clerus
1970 4642 2087 4681 san-

2191 4626 2457 4693 πόλεως,ό
2483 4623 2873 4687 εὐλαϐέστατος
2898 4622 3095 4693 κλῆρος
3113 4624 3210 4693 τῆς
3232 4621 3391 4688 ἁγίας
3408 4621 3758 4673 Κωνσταντι-

523 4719 625 4767 cta:
675 4710 1293 4782 Constantinopolitanae
1341 4710 1597 4768 Ecclesite
1669 4729 1768 4769 nos
1838 4715 2078 4771 edoceat.

2186 4719 2485 4782 νουπόλεως
2506 4716 2831 4788 Ἐκκλησίας
2851 4715 3262 4770 διδασκέτωσαν.
3278 4713 3530 4782 Θεόφιλος
3543 4714 3571 4766 ὁ
3590 4712 3757 4765 εὐλαο

524 4801 859 4875 Theophilus
882 4803 1370 4861 reverendissimus
1401 4805 1683 4878 presbyter
1701 4805 2086 4862 Constantino-

2184 4811 2438 4874 δέστατος
2467 4809 2832 4882 πρεσϐύτερος
2871 4810 2969 4881 τῆς
3009 4809 3150 4863 κατὰ
3191 4804 3761 4862 Κωνσταντινοόπολιν

523 4893 664 4966 polis
690 4901 893 4950 sanctae
921 4893 1177 4950 Ecclesiae
1203 4896 1366 4951 dixit:
1410 4894 1478 4949 Ut
1508 4912 1690 4953 coram
1726 4897 1856 4964 Deo,
1884 4907 1937 4954 et
1967 4915 2090 4955 sus-

2186 4902 2491 4972 ἁγιωτάτης
2522 4900 2847 4972 Ἐκκλησίας
2875 4896 3057 4954 εἶπεν·
3096 4899 3184 4963 Ὠς
3208 4900 3300 4952 ἐπὶ
3331 4896 3488 4962 Θεοῦ,
3526 4898 3619 4951 καὶ
3642 4896 3761 4950 ἐδέ-

524 4988 673 5058 cepit
715 5001 840 5042 eum
879 4995 1083 5043 sanctae
1115 4989 1391 5044 memoriae
1428 4988 1657 5047 Proclus
1682 4995 2089 5047 communicatis

2187 4996 2316 5060 ξατο
2340 4993 2499 5047 αὑτὸν
2545 4995 2573 5046 ὁ
2623 4996 2679 5047 ἐν
2727 4993 2901 5062 ἁγίοις
2934 4992 3174 5063 Πρόκλος
3223 4988 3627 5050 κοινωνίκοντα,
3661 4986 3762 5040 καὶ

525 5085 656 5140 tem.
691 5091 745 5133 et
781 5078 1136 5151 synodalibus
1166 5080 1363 5137 litteris
1407 5082 1706 5148 honoratis,
1731 5083 1940 5139 dimisit
1967 5099 2089 5139 eum

2189 5084 2483 5148 συνοδικοίς
2514 5083 2804 5154 γράμμασι
2856 5085 3093 5155 τιμήσας
3136 5081 3318 5146 αὑτὸν,
3368 5079 3635 5134 ἀπέλυσεν
3661 5079 3761 5133 ἐπὶ

526 5171 595 5226 ad
627 5171 898 5242 Ephesum
928 5187 943 5236 ;
997 5178 1052 5226 et
1089 5171 1146 5225 in
1183 5172 1456 5244 diptychis
1505 5175 1687 5244 posuit
1720 5174 1840 5243 ejus
1865 5189 2084 5239 nomen,

2190 5175 2288 5246 τὴν
2323 5175 2584 5244 Ἔφεσον·
2626 5175 2717 5227 καὶ
2745 5174 2803 5225 ἐν
2828 5175 2940 5237 τοῖς
2980 5172 3257 5244 διπτύχοις
3283 5171 3467 5235 ἔταξεν
3498 5167 3662 5223 αὐτοῦ
3691 5169 3761 5221 τὸ

525 5271 581 5318 et
615 5261 946 5317 recitabatur
985 5277 1160 5333 usque
1206 5262 1272 5317 ad
1326 5261 1596 5316 modicum
1628 5263 1824 5318 abhinc
1853 5271 2086 5333 tempus.

2191 5265 2378 5338 όνομα,
2411 5268 2503 5319 καὶ
2545 5265 2758 5333 ἐλέγετο
2782 5264 2888 5328 ἓως
2917 5265 3022 5337 πρὸ
3051 5264 3234 5334 ὀλίγου
3270 5261 3483 5336 καιροῦ.
3545 5259 3761 5324 Πάντες

526 5354 729 5408 Omnes
753 5354 1190 5411 reverendissimi
1223 5353 1406 5409 clerici
1433 5354 1794 5409 sanctissimae
1820 5352 2091 5409 Constan-

2190 5357 2238 5409 oi
2269 5355 2644 5409 εὐλαϐέστατοι
2686 5354 2933 5424 κληρικοὶ
2970 5354 3070 5423 τῆς
3111 5350 3759 5408 Κωνσταντινουπολιτῶν

528 5445 897 5515 ιὶιιυροιὶιοηεο
922 5446 1179 5503 Ecclesia:
1214 5447 1497 5501 dixerunt:
1557 5445 1620 5499 Et
1661 5462 1760 5501 nos
1804 5446 1917 5502 haec
1970 5448 2088 5518 ipsa

2191 5445 2497 5514 ἁγιωτάτης
2538 5442 2858 5513 Ἐκκλησίας
2908 5439 3092 5496 εἷπον·
3150 5445 3259 5497 Καὶ
3309 5445 3469 5514 ἡμεῖς
3517 5440 3760 5494 τὰαύτὰ

531 5531 836 5591 didicimus.
871 5534 1118 5605 Suscepit
1141 5537 1283 5593 enim
1321 5552 1466 5604 eum,
1498 5545 1550 5593 et
1579 5539 1997 5594 communicavit
2039 5540 2087 5594 ei

2191 5537 2440 5607 λέγομεν.
2484 5535 2728 5599 Ἐδὲξατο
2755 5534 2863 5607 γὰρ
2891 5536 3072 5601 αὑτὸν,
3098 5536 3193 5589 καὶ
3222 5535 3576 5608 ἐκοινώνησεν
3604 5531 3764 5603 αὐτῷ

530 5625 698 5681 beata:
723 5628 996 5684 memoria:
1020 5627 1266 5694 Proclus,
1301 5639 1355 5684 et
1387 5629 1512 5688 fecit
1541 5631 1830 5705 synodicas
1855 5634 2085 5699 litteras,

2191 5634 2220 5685 ό
2243 5631 2506 5702 μακάριος
2525 5628 2781 5701 Πρόκλος,
2800 5629 2892 5682 καὶ
2918 5626 3139 5698 ἐποίησε
3161 5628 3411 5682 συνοδικὰ
3430 5626 3763 5699 γράμματα,

530 5725 584 5773 et
612 5718 666 5774 in
687 5719 957 5793 diptychis
989 5737 1112 5777 eum
1149 5723 1345 5793 posuit.

2193 5725 2286 5778 καὶ
2313 5724 2391 5787 εἰς
2423 5722 2490 5776 τὰ
2520 5721 2751 5795 δίπτυχα
2780 5721 2937 5776 αὐτὸν
2969 5720 3174 5788 ἔταξεν.
