4026 6342
249 358 356 415 665

1469 378 1890 439 TESTIMONIA
1930 380 2284 438 VETERUM.

3380 381 3490 441 εις

1032 513 1113 569 Ea:
1151 526 1256 572 act.
1293 534 1379 574 xtv
1412 521 1646 590 ejusdem
1667 524 1884 579 concilii
1914 521 2197 585 Chalced.,
2232 522 2363 577 ibid.
2392 538 2515 595 pag.
2550 522 2706 578 I646.

340 623 649 688 Ἀθανάσιος
696 627 724 679 ό
771 624 1159 694 εὐλαδὲστατος
1208 632 1504 698 ἐπίσκοπος
1547 631 1703 688 εἷπε·
1756 637 1829 691 Τὸ

1999 638 2332 696 Athanasius
2351 637 2837 694 reverendissimus
2859 635 3155 706 episcopus
3172 635 3311 691 dixit
3333 653 3346 689 :
3373 632 3494 689 Mea

253 712 389 786 ἐμὸν
424 715 656 787 πρᾶγμα
693 715 803 770 ἀπὸ
854 718 1069 792 μακροῦ
1098 722 1291 792 χρόνου
1339 725 1671 796 κατῆρκται·
1734 728 1828 781 καὶ

254 802 445 857 τούτου
472 803 708 875 ἦκουσαν
744 807 793 860 οξ
837 807 937 878 τῆς
981 809 1255 882 μακαρίας
1297 814 1515 886 μνήμης
1561 815 1827 887 Κύριλλός

256 911 318 950 τε
344 896 437 949 καὶ
462 895 721 967 Πρόκλος,
777 899 872 952 καὶ
910 902 1177 973 φανεροὺς
1228 902 1429 969 τύπους
1474 905 1719 978 ἔγραψαν
1748 907 1826 978 τῷ

266 986 597 1061 Ἀντιοχείας
647 991 917 1063 γενομένῳ
973 995 1258 1066 ὲπισκόπῳ
1287 996 1475 1069 Δόμνῳ
1496 1016 1512 1032 ο
1576 999 1826 1056 συνέθετο

255 1077 463 1141 ἐκεῖνος
484 1077 722 1151 πληροῦν
749 1080 937 1135 ταῦτα.
956 1081 1135 1150 Ἀξιῶ,
1163 1087 1213 1139 εί
1238 1087 1562 1156 παρίσταται
1593 1093 1659 1161 τῇ
1693 1091 1825 1162 ὑμε-

254 1166 391 1239 τέρα
449 1166 700 1241 ἐξουσίᾳ,
759 1173 828 1225 τὰ
874 1173 1178 1246 γράμματα
1228 1176 1337 1230 τῶν
1385 1178 1826 1250 ἀρχιεπισκόπων

255 1259 687 1334 ἀναγνωσθῆναι.
739 1266 800 1318 Oi
849 1266 1178 1332 ἐνδοξότατοι
1216 1269 1475 1342 ἄρχοντες
1503 1268 1692 1325 εἷπον·
1745 1274 1827 1329 Τὰ

253 1353 559 1425 γράμματα
589 1357 831 1428 Πρόκλου
861 1359 954 1412 καὶ
982 1360 1251 1431 Κυρίλλου
1289 1361 1395 1416 τῶν
1439 1363 1539 1432 τῆς
1571 1364 1835 1431 εὐλαόοῦς

259 1446 481 1517 μνήμης
512 1447 1091 1517 ἀναγινωσκέσθωσαν.

1925 746 2091 788 causa
2117 748 2146 787 α
2182 733 2343 803 longo
2373 739 2615 799 tempore
2634 728 2886 784 inchoata
2915 734 3019 790 est,
3060 737 3114 781 et
3138 729 3275 784 hanc
3303 728 3492 783 audie-

1924 833 2052 878 runt
2085 825 2255 880 beata:
2289 823 2564 878 memoria:
2591 821 2826 893 Cyrillus
2862 828 2917 875 et
2941 819 3186 884 Proetus,
3225 829 3280 875 et
3310 830 3493 875 certas

1923 915 2132 971 litteras
2189 914 2527 985 scripserunt
2572 912 2780 968 Damno
2837 911 2928 981 qui
2976 910 3078 965 fuit
3119 910 3491 965 Antiochenus

1920 1007 2231 1077 episcopus,
2258 1006 2617 1076 promisitque
2648 1004 2739 1059 ille
2767 1018 2860 1059 eas
2893 1003 3183 1074 complere.
3208 1002 3359 1073 Rogo
3382 1002 3489 1055 ita-

1923 1112 2048 1167 que,
2089 1097 2137 1153 si
2169 1097 2383 1153 videtur
2413 1104 2611 1153 vestrae
2641 1095 2918 1166 potestati,
2956 1093 3490 1164 archiepiscoporum

1923 1187 2122 1242 littera:
2154 1188 2486 1258 relegantur.
2518 1185 2912 1242 Gloriosissimi
2955 1184 3170 1255 iudices
3190 1183 3489 1240 dixerunt:

1925 1278 2140 1335 Littera!
2168 1279 2348 1336 Procli
2402 1288 2457 1335 et
2482 1278 2672 1351 Cyrilli
2723 1278 3192 1335 reverendissima:
3220 1277 3495 1334 memoriae

1925 1372 2262 1441 relegantur.

1835 1571 1935 1632 VI.

333 1680 416 1735 Ea:
436 1683 658 1750 epistola
688 1683 963 1752 Quintiani
990 1687 1217 1756 episcopi
1244 1689 1605 1813 Ascalanidad
1638 1691 1835 1818 gemui]

1481 1778 1507 1814 e
1547 1774 1607 1818 ιι.
1690 1780 1771 1817 en.

1941 1698 2501 1824 ullonemegigscopum
2525 1699 2840 1759 Antiochia.
2868 1713 2934 1752 ea:
2958 1708 3086 1753 tom.
3119 1697 3160 1752 γ
3198 1697 3407 1754 Concil.

1938 1783 1994 1824 ν..
2022 1784 2143 1824 aaa.
2210 1785 2242 1824 :.
2284 1809 2297 1822 .

1481 1778 1607 1818 eau.
1652 1778 1771 1817 ven.
1805 1778 1994 1832 βασιλ,
2021 1784 2143 1838 pag.
2172 1778 2297 1824 226.

331 1867 545 1930 Ταύτας
571 1867 669 1930 τὰς
694 1867 898 1922 δώδεκα
926 1870 1272 1941 καθαιρέσεις
1297 1871 1590 1928 ἀπέστειλὰ
1615 1891 1716 1938 σοι,
1748 1877 1825 1928 εί·-

1999 1880 2109 1938 Has
2163 1882 2449 1937 duodecim
2495 1881 2866 1951 depositiones
2907 1882 2975 1937 ad
3018 1890 3070 1937 te
3122 1882 3267 1947 misi,
3317 1885 3498 1938 sciens

255 1957 364 2022 δὼς
392 1960 472 2012 ὅτι
499 1960 603 2031 χρὴ
624 1960 989 2025 ἐξακολουθεῖν
1011 1965 1073 2034 τῇ
1103 1964 1444 2033 ἀποκαλύψει
1477 1966 1570 2020 τοῦ
1598 1968 1831 2021 ὁσιωτάο

1938 1975 2074 2043 quod
2104 1981 2317 2043 oportet
2361 1975 2518 2045 sequi
2550 1976 2935 2033 revelationem
2965 1974 3295 2029 sanctissimi
3323 1973 3499 2029 Procli

255 2068 355 2105 του
383 2053 478 2119 τῆς
508 2054 1151 2111 Κωνσταντινουπολιτῶν
1177 2058 1497 2130 Ἑκκλησὶας
1532 2061 1830 2114 ἐπισκόπου

259 2146 504 2216 Πρόκλου
527 2164 539 2177 ·
580 2146 695 2211 πῶς
728 2150 784 2201 ὲν
825 2148 902 2219 τῷ
926 2150 1130 2222 κὰμπῳ
1160 2150 1519 2221 καταδραμὼν
1542 2155 1637 2207 σὺν
1670 2155 1832 2208 παντὶ

258 2240 344 2311 τῷ
365 2240 496 2313 λαῷ,
530 2241 967 2312 κυματιζομένης
993 2243 1097 2295 ὑπὸ
1130 2245 1368 2315 σεισμῶν
1396 2246 1494 2316 τῆς
1529 2245 1695 2314 αὐτῆς
1730 2247 1830 2301 πό·-

259 2331 427 2396 λεως’
457 2334 550 2387 καὶ
578 2334 774 2406 θρήνου
803 2336 907 2388 ὑπὸ
932 2337 1147 2390 πάντων
1176 2338 1656 2409 ἁναπεμπομένου,
1679 2340 1832 2408 ἄφνω

260 2426 431 2480 παῖδα
468 2429 548 2493 εἰς
571 2428 661 2482 τὸν
699 2429 924 2500 οὐρανὸν
954 2431 1187 2501 ἀρθῆναι
1218 2431 1322 2484 ὑπό
1364 2449 1508 2494 τινος
1535 2431 1831 2503 δυνάμεως,

260 2520 363 2573 καὶ
387 2522 557 2592 τούτῳ
589 2521 833 2576 ἐνθέσθαι
863 2522 957 2576 τοῦ
985 2522 1287 2576 λιτανεύειν
1318 2524 1379 2577 τὸ
1411 2523 1703 2594 Τρισάγιον
1736 2525 1831 2576 καὶ

260 2613 448 2681 λέγειν
467 2631 480 2645 ·
521 2616 711 2685 Ἄγιος
738 2618 770 2669 ό
805 2618 977 2681 Θεός’
1009 2615 1174 2685 ἅγιος
1203 2615 1472 2685 ἰσχυρὸς,
1497 2615 1664 2685 ἅγιος
1689 2616 1832 2670 ἀθά-

261 2727 464 2776 νατος,
504 2711 765 2779 ἐλέησον
801 2709 979 2781 ἡμᾶς.
1030 2710 1147 2765 Καὶ
1172 2710 1341 2765 ταῦτα
1383 2710 1478 2764 τοῦ
1513 2711 1834 2781 ἐπαγγεῖλαι

260 2804 346 2870 τῷ
372 2804 651 2875 ὲπισκόπῳ
678 2804 1039 2875 προσετάχθη.
1067 2805 1161 2867 Ὃς
1182 2803 1273 2856 καὶ¹
1296 2802 1432 2873 μετὰ
1455 2802 1683 2874 τρίωρον
1704 2802 1835 2874 ἔστη

262 2896 327 2946 ὲν
360 2893 437 2964 τῷ
467 2894 819 2966 τριϐουναλίῳ
844 2894 993 2966 παρὰ
1026 2893 1149 2956 τοὺς
1194 2893 1361 2952 πόδας
1400 2895 1493 2947 τοῦ
1512 2892 1827 2965 αὐτοῦ[τοῦ]

264 2987 591 3046 ἐπισκόπου.
621 2986 902 3041 καὶταῦτα
929 2987 1241 3057 διηγήσατο.
1270 2986 1378 3040 Καὶ
1400 2985 1571 3049 οὕτως
1598 2984 1840 3039 λιτανευ-

266 3080 500 3147 σάντων,
537 3080 770 3153 ἔστησαν
800 3081 849 3133 οἱ
873 3079 1102 3149 σεισμοί.

1936 2066 2548 2136 Constantinopolitanae
2578 2066 2836 2123 Ecclesiae
2865 2066 3141 2135 episcOpi;
3190 2067 3406 2135 quando
3443 2068 3498 2121 in

1936 2173 2185 2228 campum
2209 2175 2333 2214 cum
2361 2160 2615 2215 universo
2645 2161 2843 2231 p0pulo
2875 2159 3148 2222 cucurrit,
3203 2158 3502 2215 ﬂuctuante

1937 2250 2052 2320 ipsa
2085 2250 2304 2306 civitate
2356 2252 2459 2307 sub
2503 2263 2662 2308 terrae
2718 2259 2889 2318 motu,
2924 2258 2980 2307 et
3024 2251 3279 2305 omnibus
3318 2249 3501 2304 fletum

1937 2342 2327 2406 emittentibus,
2346 2351 2569 2414 repente
2598 2359 2826 2414 puerum
2858 2343 2915 2397 in
2942 2358 3067 2399 aera
3102 2343 3270 2397 levari
3304 2357 3333 2395 a
3367 2356 3505 2412 qua-

1938 2434 2062 2490 dam
2107 2436 2327 2500 virtute,
2364 2444 2428 2492 et
2481 2436 2608 2491 huic
2651 2435 2857 2508 imponi
2909 2435 3227 2505 suppliciter
3253 2435 3505 2489 occinere

1936 2528 2265 2599 Trisaginm,
2294 2543 2359 2582 ac
2385 2528 2604 2584 dicere:
2644 2528 2869 2583 Sanctus
2902 2527 3062 2593 Deus,
3084 2536 3297 2582 sanctus
3328 2527 3504 2597 fortis,

1937 2629 2151 2674 sanctus
2188 2621 2530 2686 immortalis,
2555 2622 2800 2676 miserere
2837 2620 3016 2686 nobis;
3055 2630 3108 2675 et
3141 2622 3254 2675 lucc
3291 2635 3506 2674 annun—

1938 2713 2077 2768 tiare
2102 2713 2356 2783 episcopo
2376 2713 2568 2783 jussus
2591 2721 2696 2770 est.
2725 2714 2826 2781 Qui
2845 2721 2899 2768 et
2916 2730 3009 2783 per
3038 2723 3146 2768 tres
3168 2714 3330 2768 horas
3357 2712 3507 2767 stetit

1939 2804 1995 2860 in
2035 2804 2316 2868 tribunali,
2352 2821 2511 2862 secus
2560 2806 2724 2876 pedes
2771 2805 2944 2877 ipsius
2994 2806 3253 2876 episcOpi,
3299 2812 3353 2859 et
3391 2805 3507 2858 haec

1941 2897 2204 2952 narravit.
2243 2895 2309 2952 Et
2339 2897 2428 2954 hic
2484 2898 2803 2970 suppliciter
2839 2898 3127 2954 orantibus
3163 2898 3313 2953 stetit
3350 2905 3507 2952 terra:

1944 2997 2147 3046 motus.

1845 3197 1975 3257 VII.

696 3312 1027 3392 Eiepistola
1053 3323 1235 3378 Acacii
1262 3324 1484 3393 episcopi
1513 3322 1628 3379 ΟΡ.
1670 3321 1737 3377 ad
1774 3323 2009 3377 eumdem
2050 3322 2271 3378 Petrum
2304 3317 2616 3385 Fullonem,
2647 3319 2779 3375 ibid.
2806 3336 2928 3391 pag.
2961 3318 3087 3374 23L

343 3438 420 3491 Οὐ
460 3437 626 3510 μόνον
643 3438 751 3509 γὰρ
781 3438 871 3509 τὺ,ν
903 3439 1218 3517 χερουὸικδν
1243 3441 1272 3495 ῦ
1282 3459 1408 3512 μνον
1437 3443 1746 3508 ὲνόθευσας,
1771 3443 1835 3498 δι’

2010 3440 2128 3496 Non
2161 3440 2337 3496 solum
2369 3440 2513 3494 enim
2542 3438 2898 3495 cherubicum
2922 3438 3071 3494 illum
3101 3436 3358 3508 hymnum
3387 3447 3509 3489 cor-

270 3524 335 3584 οὗ
371 3529 464 3583 καὶ
494 3532 526 3601 ἠ
566 3531 809 3604 ἡμετέρα
834 3532 988 3596 πόλις
1014 3533 1320 3606 ὲστερεὼθη
1353 3535 1678 3609 σαλευομένη
1709 3536 1839 3591 ποτὲ

273 3622 382 3676 ὑπὸ
407 3623 698 3677 ἀνενδότων
736 3623 994 3696 σεισμῶν,
1023 3624 1211 3689 παιδὸς
1237 3628 1432 3697 νηπίου
1465 3629 1593 3702 περὶ
1624 3628 1715 3683 τδν
1749 3631 1837 3685 αἱς

275 3717 411 3788 θέρα
430 3717 766 3788 ἀρπαγέντος
795 3717 880 3770 ἐπ’
908 3716 1063 3787 ὕψεσι
1085 3718 1264 3790 πάσης
1283 3719 1382 3789 τῆς
1402 3721 1610 3786 πόλεως
1631 3722 1706 3786 ὡς
1736 3722 1840 3789 ἕως

272 3808 458 3881 τρίτου
486 3808 715 3880 ούρανοῦ
762 3808 904 3863 κατά
948 3809 1039 3864 τὸν
1067 3810 1352 3865 Θεσπέσιον
1379 3813 1610 3867 Παῦλον.
1666 3812 1842 3868 Κάκεῖ

275 3902 574 3969 ἀκηκοότος
606 3899 704 3971 τὴν
725 3902 960 3971 apsum
990 3899 1192 3969 ταύτην
1221 3901 1541 3972 ὑμνολογίαν
1562 3919 1579 3936 ο
1630 3903 1751 3957 καθ’
1775 3905 1841 3975 ἢν

276 3992 427 4064 ὥραν
449 3995 506 4046 ὲν
534 3992 613 4063 τῷ
631 3994 834 4065 κάμπῳ
858 3993 925 4047 τὰ
946 3992 1122 4063 πλήθη
1154 3994 1293 4064 μετά
1314 3994 1564 4066 δακρύων
1589 3996 1822 4050 ἀνεϐόων

275 4083 358 4142 τὸ.
378 4081 574 4152 Κύριε,
590 4081 871 4151 ἐλέησον.
886 4081 1020 4154 πρὸς
1040 4081 1131 4134 τὸν
1150 4082 1303 4147 Θεὸν,
1329 4084 1445 4153 ἅμα
1464 4083 1558 4137 τοῦ
1580 4086 1639 4137 ὲν
1668 4084 1843 4153 ἁγίοις

279 4173 522 4245 Πρόκλου
565 4172 658 4227 τοῦ
697 4173 981 4243 γεγονότος
1015 4172 1226 4244 Πατρὸς
1250 4171 1428 4243 ἡμῶν,
1462 4173 1557 4226 καὶ
1594 4174 1845 4245 ἀρχιεπι-

281 4265 485 4321 σκόπου
514 4266 715 4338 ταύτης
728 4265 827 4338 τῆς
846 4263 1113 4337 βασιλίδος
1134 4265 1229 4318 καὶ
1249 4263 1587 4336 φιλοχρίστου
1618 4263 1840 4329 ⁴Ατόλεως.

1944 3533 2163 3603 rnpisti,
2196 3549 2292 3603 per
2316 3548 2476 3604 quem
2505 3543 2558 3588 et
2583 3540 2768 3587 nostra
2803 3531 2998 3587 civitas
3031 3532 3238 3586 ﬁrmata
3261 3535 3365 3587 est.
3385 3542 3509 3581 cum

1943 3625 2073 3680 olim
2126 3632 2434 3681 moveretur
2490 3624 2560 3680 ab
2616 3623 2971 3680 interioribus
3039 3632 3198 3678 terra:
3248 3620 3510 3684 motibus,

1943 3732 2115 3788 puero
2150 3718 2357 3772 infante
2389 3717 2456 3772 ad
2482 3718 2685 3775 aethera
2715 3725 2871 3788 rapto
2916 3716 2971 3771 in
3014 3722 3313 3785 conspectu
3343 3713 3513 3768 totius

1946 3808 2182 3864 civitatis
2215 3824 2389 3878 usque
2437 3808 2503 3863 ad
2549 3808 2771 3863 tertium
2804 3806 3020 3869 cmlum,
3055 3800 3511 3874 quemadmodum

1944 3902 2161 3957 divinus
2186 3900 2388 3958 Paulus
2413 3903 2453 3956 ².
2512 3900 2714 3956 Ibidem
2745 3900 2885 3954 hanc
2919 3897 3245 3953 ineﬁ'ahilem
3288 3895 3506 3965 hymno-

1948 3993 2143 4065 lngiam
2176 3994 2484 4061 obaudivit;
2524 3993 2580 4048 in
2618 4008 2724 4063 qua
2750 3993 2882 4047 hora
2914 3992 2967 4045 in
3003 4004 3196 4059 campo
3227 3985 3513 4041 multitudo

1947 4101 2072 4141 cum
2114 4086 2405 4158 lacrymis:
2452 4086 2697 4152 Domine,
2750 4085 3009 4148 miserere,
3055 4081 3395 4138 exclamabat
3445 4077 3512 4133 ad

1947 4175 2139 4241 Deum,
2166 4177 2328 4234 simul
2348 4193 2473 4233 cum
2498 4186 2691 4234 sancto
2714 4177 2875 4233 Patre
2894 4184 3085 4232 nostro
3111 4174 3307 4231 Proclo
3334 4172 3513 4230 archi-

1944 4268 2203 4339 episcopo
2234 4269 2395 4339 hujus
2423 4271 2622 4343 regalis
2651 4278 2706 4326 et
2728 4286 2756 4325 a
2792 4270 2904 4327 Deo
2932 4277 3125 4326 amatas
3155 4267 3420 4326 civitatis.

1845 4384 2000 4447 VIII.

636 4508 719 4565 Ex
747 4510 969 4581 epistola
993 4508 1195 4564 Justini
1220 4507 1446 4577 episcopi
1471 4507 1526 4562 in
1548 4505 1737 4564 Sicilia
1767 4506 1835 4564 ad
1876 4507 2112 4564 eumdem
2145 4508 2365 4567 Petrum
2394 4509 2698 4579 Fullonem,
2722 4511 2852 4567 ibid.
2874 4511 3144 4583 pag.227.

351 4626 509 4692 Δέξαι
546 4620 637 4678 οὖν
671 4624 745 4687 ὼς
793 4621 1021 4693 ἀδελφοῦ
1056 4636 1149 4676 σου
1175 4621 1493 4694 παραίνεσιν
1515 4636 1529 4651 ·
1571 4619 1666 4672 καὶ
1690 4617 1848 4686 γενοῦ

282 4721 488 4790 ποιμὴν
519 4717 628 4771 τῶν
651 4716 961 4789 προϐάτων,
994 4716 1088 4770 καὶ
1122 4715 1182 4768 οὐ
1210 4713 1402 4776 λύκος·
1436 4711 1529 4765 καὶ
1556 4710 1634 4781 τῷ
1670 4726 1846 4780 μακα-

282 4810 389 4883 ρίῳ
434 4809 661 4882 Πρόκλῳ
692 4808 981 4872 ἀκόλουθος
1026 4805 1207 4876 γενοῦ,
1251 4805 1345 4859 καὶ
1376 4806 1442 4875 τῇ
1493 4801 1656 4856 αὐτοῦ
1687 4802 1743 4856 ὲν
1771 4801 1850 4872 τῷ

286 4903 492 4975 κάμπῳ
521 4901 882 4971 ἀποκαλύψει.

2023 4620 2251 4693 Suscipe
2279 4639 2410 4695 ergo
2438 4632 2697 4694 tanquam
2727 4623 2910 4679 fratris
2942 4624 3020 4678 tui
3056 4622 3514 4688 admonitionem;

1949 4720 2004 4768 et
2032 4713 2128 4770 (Ias
2159 4724 2343 4786 pastor
2374 4716 2582 4779 ovium,
2618 4725 2671 4771 et
2703 4732 2812 4771 non
2842 4717 3037 4785 lupus;
3070 4723 3124 4768 et
3156 4716 3253 4769 llas
3284 4724 3514 4771 sectator

1956 4807 2095 4863 beati
2123 4806 2301 4864 Procli
2331 4816 2386 4865 et
2414 4808 2761 4864 revelationis
2793 4807 2913 4876 ejus
2940 4807 2994 4860 in
3026 4819 3237 4876 campo.

1890 4890 1933 4945 D

1876 5021 1989 5081 IX.

639 5146 721 5201 Es:
749 5145 886 5201 Hist.
918 5145 1055 5201 ccci.
1083 5140 1397 5212 Tripartita,
1436 5139 1528 5195 lib.
1553 5155 1650 5204 χιι,
1679 5156 1794 5210 cap.
1826 5142 1881 5205 3,
1912 5143 2054 5211 apud
2084 5141 2484 5203 Cassiodorum.
2515 5140 2646 5210 Opp.
2679 5149 2806 5193 tam.
2839 5136 2882 5201 Ι,
2918 5154 3042 5210 pag.
3074 5138 3197 5194 548.

359 5266 639 5323 Sisinnius
685 5263 935 5318 Proclum
981 5262 1034 5317 in
1072 5259 1273 5332 Cyzico
1326 5256 1701 5323 consecravit;
1757 5258 1854 5325 qui

286 5370 577 5430 antequam
607 5351 1140 5426 proﬁcisceretnrad
1169 5351 1460 5422 Cyzicum,
1500 5348 1648 5405 cives
1710 5365 1852 5420 prae-

286 5452 547 5508 cedentes
576 5448 897 5503 Dalmatium
925 5444 1247 5500 monachum
1288 5443 1601 5513 episcopum
1632 5441 1852 5497 sibimet

286 5543 705 5603 ordinaverunt,
733 5541 882 5612 parvi
905 5539 1196 5610 pendentes
1219 5536 1456 5607 regulam
1485 5549 1590 5605 qua
1609 5534 1847 5604 iubetur,

291 5648 487 5707 prmter
519 5633 1174 5704 Constantinopolitanum
1206 5629 1519 5701 episcopum
1547 5626 1850 5683 ordinatio-

377 5789 395 5822 '
419 5786 460 5845 ll
490 5790 615 5847 Cor.
647 5805 736 5854 xu,
769 5790 826 5847 ‘2.

1954 5276 2077 5316 nem
2118 5260 2194 5316 ibi
2233 5259 2350 5315 ﬁeri
2384 5274 2493 5313 non
2526 5259 2742 5315 debere.
2776 5255 2931 5324 Quod
2966 5257 3089 5313 ideo
3128 5256 3378 5328 Cyziceni
3426 5271 3527 5312 ne-

1952 5351 2267 5422 glexerunt,
2315 5351 2445 5421 quia
2484 5349 2679 5405 ‘Attico
2728 5348 2829 5404 soli
2873 5347 2987 5402 haec
3030 5347 3113 5402 lex
3164 5347 3517 5417 personaliter

1955 5442 2194 5514 praastita
2217 5442 2519 5499 videbatur.
2545 5440 2745 5496 Mansit
2768 5455 2896 5511 ergo
2929 5440 3153 5497 Proclus
3179 5457 3285 5495 non
3315 5440 3519 5502 habens

1953 5532 2251 5589 Ecclesiam
2281 5535 2599 5604 propriam:
2640 5533 2733 5603 qui
2757 5540 2935 5586 tamen
2963 5531 3017 5586 in
3047 5532 3293 5589 doctrina
3341 5533 3520 5590 eccle-

1953 5627 2157 5683 siarum
2188 5623 2738 5699 Constantinopoleos
2770 5625 2925 5683 valde
2953 5626 3200 5684 ﬂorebat.
