3996 6340
470 373 577 429 667
1576 374 1631 428 S.
1675 370 1991 429 PROCLUS
2028 372 2041 424 l

2174 369 2570 428 EPISCOPUS.
3596 362 3709 420 668

1727 509 1869 565 Ibid.
1909 526 2025 580 cap.
2054 509 2141 576 10,
2171 526 2291 579 pag.
2328 508 2425 563 551

539 622 902 679 Maximianus
932 639 1058 678 cum
1094 624 1230 680 duos
1276 638 1452 680 annos
1484 632 1538 680 et
1569 641 1662 680 sex
1695 642 1908 681 menses
1937 624 2039 680 Ec-
2068 633 2111 690 Α
2141 623 2285 693 cepit
2328 621 2699 676 inthronizare
2731 618 3006 673 Proclnm.
3053 614 3211 683 Quod
3257 614 3422 670 etiam
3472 610 3723 670 Romani

466 718 691 773 clesiam
723 716 1106 786 gubernasset,
1134 716 1423 773 defunctus
1448 726 1531 773 est
1555 718 1843 773 consulatu
1876 717 2035 771 Ario-

467 809 648 864 bindte
681 819 734 863 et
763 808 1010 878 Asparis,
1041 808 1128 863 die
1155 824 1231 863 xu
1287 812 1493 866 mensis
1522 810 1745 880 Aprilis,
1781 810 1834 864 in
1869 810 2037 879 septi-

466 884 627 953 mana
651 899 857 969 majore
872 899 1229 970 jejuniorum,
1257 900 1391 956 feria
1419 917 1469 954 v.
1494 902 1649 956 Tunc
1679 900 1842 971 igitur
1865 898 2039 954 Theo-

467 991 656 1068 dosius
705 991 999 1060 imperator
1047 992 1320 1061 sapienter
1377 1007 1599 1047 causam
1627 992 1927 1062 prospexit,
1968 1006 2038 1046 ne

468 1099 663 1146 rursus
696 1083 763 1139 de
788 1083 1107 1155 episcOpatu
1140 1084 1427 1141 seditionis
1449 1085 1682 1155 quaestio
1715 1092 1810 1138 aut
1838 1084 2038 1138 tumul-

467 1184 557 1228 tus
598 1174 652 1227 in
693 1172 931 1229 Ecclesia
968 1183 1307 1230 nasceretur.
1343 1173 1478 1228 Cum
1518 1175 1697 1229 adhuc
1732 1188 1863 1244 ergo
1906 1188 2036 1228 cor-

467 1281 571 1335 pus
606 1264 917 1322 Maximiani
943 1266 1172 1336 jaceret,
1204 1265 1565 1336 praesentibus
1598 1265 1870 1336 episcopis
1895 1279 2038 1335 prae-

2137 713 2381 782 episcOpi
2409 710 2690 765 leestiui
2718 709 2910 763 litterae
2936 707 3307 771 firmaverunt,
3331 719 3471 774 quas
3501 703 3570 758 ad
3602 702 3713 776 Cy-

2136 805 2317 859 rillum
2347 803 2688 857 Alexandriae
2707 801 2998 857 destinavit
3023 800 3339 869 episcopum
3371 804 3426 851 et
3452 796 3518 851 ad
3547 795 3713 852 Joan-

2139 912 2260 951 nem
2285 896 2686 949 Antiocheuum
2720 903 2772 948 ct
2799 892 2998 947 Rufum
3020 891 3598 957 Thessalonicensem,
3630 890 3713 945 di-
3748 928 3757 933 ν

2139 1005 2271 1044 cens
2312 990 2439 1059 quia
2487 988 2619 1043 nihil
2660 987 2971 1059 prohiberet
3003 987 3231 1041 alterius
3273 985 3516 1039 civitatis
3555 984 3709 1039 exsi-

2140 1089 2369 1137 stentem
2398 1082 2715 1152 episcopum
2748 1082 2803 1135 in
2834 1080 2994 1135 aliam
3027 1079 3344 1149 demigrari.
3376 1077 3715 1131 lnthroniza-

2138 1181 2228 1228 tus
2281 1172 2448 1243 igitur
2491 1172 2719 1229 Proetus
2762 1173 3054 1243 exsequias
3097 1169 3410 1225 Maximiani
3457 1168 3748 1239 corporis.

2138 1264 2456 1321 celebravit.

1759 1400 1898 1456 Ibid.
1933 1417 2052 1471 cap.
2083 1401 2164 1465 ll,
2191 1418 2309 1472 pag.
2339 1400 2464 1458 552.

538 1520 771 1575 Proclus
800 1520 870 1574 ab
907 1526 1067 1576 aetate
1104 1520 1276 1591 prima
1311 1520 1484 1576 lector
1510 1519 1634 1585 fuit,
1668 1519 1811 1591 apud
1847 1520 2038 1575 docto-

469 1629 558 1668 res
587 1623 764 1667 tamen
800 1612 1100 1668 observans
1133 1614 1336 1667 zelator
1369 1628 1585 1684 quoque
1629 1612 1684 1667 in
1716 1612 1987 1667 rhetorica
2020 1627 2033 1663 :

468 1703 564 1773 qui
591 1702 720 1757 dum
749 1702 816 1756 ad
852 1702 1146 1772 perfectam
1174 1704 1410 1759 venisset
1434 1711 1647 1758 aetatem
1667 1742 1682 1768 ,
1720 1704 2039 1773 plerumque

467 1811 593 1849 cum
624 1796 802 1850 Attico
834 1803 951 1850 erat
980 1796 1239 1864 episcopo
1269 1804 1526 1864 exceptor
1553 1810 1867 1850 sermonum
1896 1795 2037 1866 ejus.

2143 1533 2203 1574 se
2256 1519 2557 1574 terribilem
2617 1526 2921 1591 opportune
2972 1518 3355 1586 monstrabat;
3418 1519 3526 1573 iste
3580 1533 3715 1574 vero

2144 1611 2397 1664 omnibus
2426 1611 2572 1664 mitis
2603 1622 2719 1664 erat
2744 1626 2758 1676 ;
2786 1619 2838 1665 et
2863 1611 2943 1665 sic
2971 1626 3066 1666 eos
3101 1610 3285 1681 potius
3314 1625 3477 1679 quam
3514 1610 3718 1665 violen-

2145 1710 2229 1757 ter
2256 1700 2471 1758 ﬂectere
2500 1704 2793 1767 nitebatur,
2828 1703 3031 1757 nullam
3069 1703 3317 1759 haeresim
3354 1702 3585 1771 fatigare
3612 1718 3715 1757 vo-

2148 1793 2263 1849 lens
2297 1814 2309 1850 :
2343 1797 2396 1849 in
2438 1795 2538 1850 hac
2577 1806 2728 1865 parte
2764 1794 3127 1851 Theodosium
3170 1796 3413 1851 imitatus
3464 1795 3720 1865 impera-

471 1884 538 1938 Et
567 1885 694 1939 dum
733 1887 1056 1955 proliceret,
1103 1884 1172 1938 ab
1198 1884 1379 1938 Attico
1416 1884 1682 1939 diaconus
1728 1886 2037 1949 ordinatur,
2072 1881 2112 1939 Β
2141 1895 2334 1943 torem.
2368 1887 2460 1942 llle
2482 1904 2715 1957 namque
2740 1887 3041 1957 judicabat,
3067 1897 3257 1942 contra
3285 1885 3585 1957 culpabiles
3609 1889 3714 1941 im-

472 1985 659 2045 p’istea
692 1975 995 2045 presbyter.
1028 1974 1070 2027 Α
1109 1975 1353 2030 Sisinnio
1382 1990 1509 2028 vero
1542 1976 1723 2045 Cyzici
1753 1975 2043 2031 ordinatur

468 2069 783 2136 cpiscopus.
826 2065 950 2120 Haec
979 2066 1227 2136 equidem
1259 2066 1307 2121 ei
1340 2066 1596 2136 primitus
1634 2078 2040 2138 provenerunt;

470 2164 659 2226 postea
708 2158 963 2213 thronum
1013 2159 1635 2227 Constantinopolitanae
1677 2161 1906 2215 sortitur
1933 2160 2038 2217 Ec-

469 2249 669 2304 clesiae.
703 2248 833 2303 Erat
859 2250 1004 2304 enim
1027 2251 1111 2305 vir
1137 2252 1380 2306 moribus
1406 2252 1662 2321 optimis;
1693 2260 1744 2307 et
1774 2253 1843 2308 ab
1863 2254 2041 2309 Attico

473 2341 676 2395 utiliter
700 2340 969 2407 eruditus,
1002 2342 1184 2396 omnia
1208 2342 1327 2413 ejus
1351 2343 1689 2399 imitabatur.
1725 2343 1830 2399 Sed
1855 2348 1908 2400 in
1930 2347 2041 2401 isto

471 2432 735 2501 patientia
756 2434 937 2505 potior
964 2436 1283 2505 apparebat.
1312 2436 1375 2490 Et
1404 2437 1493 2493 ille
1521 2438 1739 2507 quidem
1773 2438 2041 2495 haereticis

2146 1979 2335 2050 periali
2369 1993 2475 2033 non
2507 1981 2582 2033 uti
2615 1986 2883 2051 potestate
2921 1998 2934 2033 :
2969 1980 3058 2034 hic
3101 1985 3280 2057 autem
3316 1979 3468 2050 parvi
3509 1978 3718 2049 pende-

2148 2074 2262 2137 bat,
2294 2073 2338 2127 si
2378 2074 2503 2143 quis
2534 2073 2601 2129 de
2644 2072 2754 2127 Deo
2784 2088 2890 2129 non
2927 2074 2999 2127 ita
3024 2080 3271 2143 saperet,
3307 2073 3452 2127 sicut
3483 2071 3620 2141 ipse.
3654 2069 3718 2124 In

2147 2163 2233 2220 bis
2264 2166 2426 2235 igitur
2454 2168 2620 2220 etiam
2662 2166 2962 2236 imperator
2996 2165 3254 2219 laudabat
3292 2179 3455 2229 eum;
3488 2178 3614 2217 cum
3661 2172 3719 2217 et

2146 2257 2262 2327 ipse
2303 2274 2462 2313 veros
2520 2257 2835 2313 sacerdotes
2888 2258 3227 2322 imitaretur,
3276 2266 3330 2312 et
3372 2268 3719 2326 nequaquam

2145 2352 2396 2421 persequi
2429 2352 2670 2406 volentes
2704 2350 3034 2406 admitteret.

2080 2575 2155 2637 Χ.

738 2696 821 2751 Ea:
844 2697 1200 2755 Confessione
1229 2698 1354 2756 ﬁdei
1380 2699 1607 2755 Joannis
1639 2700 1923 2765 Maxentii,
1951 2702 2003 2755 in
2026 2700 2284 2757 Biblioth.
2317 2700 2420 2757 PP.
2443 2701 2622 2757 Paris.
2654 2711 2783 2756 tom.
2808 2700 2899 2767 Ν,
2929 2711 3070 2771 part.
3102 2718 3142 2768 ι,
3175 2718 3296 2773 pag.
3327 2702 3452 2757 457.

546 2807 653 2865 Sed
689 2810 773 2867 his
816 2811 975 2881 paulo
1020 2812 1366 2869 manifestius
1395 2815 1585 2870 beatus
1619 2815 1846 2871 Proclus
1876 2816 2040 2886 hujus

474 2906 626 2963 urbis
654 2908 966 2977 episcopus,
993 2923 1155 2977 quem
1191 2910 1353 2963 etiam
1384 2911 1691 2965 veneranda
1721 2912 1924 2981 recepit
1954 2927 2043 2983 sy-

472 2999 650 3055 nodus
683 2999 1145 3055 Chalcedonensis
1166 3040 1180 3063 ,
1223 3002 1288 3056 ad
1320 3002 1607 3056 Armenios
1636 3021 1648 3057 :
1686 3018 1810 3056 cum
1851 3014 2039 3057 contra

471 3089 749 3146 Theodori
789 3093 1179 3162 blasphemias,
1213 3095 1305 3164 qui
1336 3096 1755 3164 quaternitatcm
1785 3111 1883 3166 pro
1924 3094 2045 3149 Tri—

475 3186 646 3238 nitate
686 3186 850 3255 impie
879 3176 1284 3256 dogmatizavit,
1317 3195 1593 3257 peteretur
1621 3187 1688 3240 ab
1718 3188 1833 3257 ipsa
1862 3198 2040 3258 gente,

475 3287 534 3330 ut
562 3278 849 3341 scriberet,
884 3278 1240 3349 ejusdemque
1264 3278 1634 3348 blasphemias
1669 3278 1949 3343 refutaret,
1981 3279 2046 3335 de

2151 2814 2252 2869 hac
2287 2816 2557 2872 sententia
2586 2825 2667 2871 est
2694 2816 2942 2881 locutus,
2979 2815 3198 2879 dicens,
3225 2823 3331 2871 etc.
3376 2815 3725 2888 Quapropter

2150 2909 2195 2964 si
2234 2911 2358 2980 quis
2399 2910 2541 2964 hanc
2581 2907 2744 2977 hujus
2776 2908 3070 2963 beatissimi
3116 2906 3295 2962 Patris
3331 2924 3495 2977 super
3529 2909 3725 2981 splen-

2149 3004 2333 3058 dorem
2364 3002 2496 3057 solis
2523 3001 2793 3055 lucentem
2836 3000 3157 3056 sententiam
3189 3000 3587 3069 reprehendere
3618 3017 3721 3054 au—

2149 3094 2260 3158 det,
2305 3108 2467 3146 unam
2502 3091 2668 3146 totius
2705 3088 2994 3146 Trinitatis
3034 3089 3482 3153 subsistentiam,
3515 3090 3568 3143 id
3611 3098 3725 3155 est,

2148 3184 2328 3240 Patris
2353 3192 2407 3239 et
2437 3182 2560 3237 Filii
2582 3194 2633 3237 et
2661 3182 2902 3252 Spiritus
2927 3181 3124 3245 sancti,
3154 3181 3443 3238 manifeste
3464 3198 3590 3237 cum
3620 3180 3725 3237 Sa-

2148 3279 2309 3335 bellio
2343 3276 2564 3334 credere
2601 3274 3044 3346 deprehenditur.

2078 3413 2179 3472 XI.

549 3558 633 3615 Er
664 3558 799 3614 libro
829 3576 879 3612 ιν
910 3558 1195 3629 Ephncmii
1220 3562 1449 3630 episcopi
1477 3561 1845 3631 Tlieopolitani
1872 3559 1938 3614 ad
1969 3560 2264 3684 orienstéilfs
2294 3560 2613 3624 monachos,
2652 3558 2793 3628 apud
2824 3556 3075 3614 Pliotium
3111 3557 3250 3613 Bibl.
3286 3560 3404 3615 cod.
3432 3577 3649 3627 ccxxix,

1953 3647 2077 3684 naa.
2220 3668 2234 3683 .

1953 3647 2077 3701 pag.
2109 3647 2234 3684 om.

552 3770 614 3824 Et
652 3786 783 3825 sane
833 3769 1061 3825 Procius
1120 3767 1781 3838 Constantinopolitanus,
1829 3776 1882 3825 et
1932 3766 2041 3840 Cy-

481 3863 660 3917 riacus
687 3861 852 3930 Paphi
881 3861 1171 3933 episcopus
1191 3901 1204 3923 ,
1241 3876 1384 3914 unus
1414 3876 1443 3915 e
1483 3860 1740 3915 trecentis
1776 3859 1963 3915 decem
1989 3869 2043 3916 ct

479 3960 603 4006 octo
637 3950 925 4019 Patribus,
970 3951 1082 4005 haec
1123 3951 1310 4006 eadem
1349 3952 1568 4005 habent.
1608 3948 1699 4004 llle
1742 3949 1959 4020 quidem
1988 3950 2043 4003 in

480 4043 862 4100 Pulcherianis
902 4052 1024 4115 post
1064 4043 1346 4110 Natalem;
1389 4054 1443 4097 et
1490 4043 1578 4096 hic
1621 4045 1675 4097 in
1732 4041 2045 4114 Epiphania:

2222 3764 2332 3820 Καὶ
2359 3766 2464 3836 μὴν
2494 3766 2588 3818 καὶ
2620 3764 2863 3836 Πρόκλος
2894 3768 2923 3821 6
2956 3766 3593 3833 Κωνσταντινουπόλεως,
3630 3770 3727 3823 καὶ

2150 3858 2427 3931 Κυριακὺς
2458 3858 2486 3911 6
2527 3857 2626 3929 τῆς
2657 3858 2844 3929 Πάφου
2884 3858 3203 3924 ἐπίσκοπος,
3236 3854 3317 3923 εἷς
3349 3858 3426 3913 ὢν
3467 3861 3575 3914 τῶν
3614 3868 3725 3935 τινί

2150 3950 2320 4019 ἁγίων
2345 3948 2636 4020 Πατέρων,
2666 3949 2733 4003 τὰ
2760 3949 2899 4003 αὐτὰ
2930 3967 3093 4020 φησιν
3113 3992 3127 4005 .
3172 3952 3231 4005 Ὀ
3260 3953 3357 4023 μὲν
3386 3954 3445 4005 ὲν
3480 3954 3725 4026 Πουλχε-

2152 4046 2361 4115 ριαναῖς
2394 4042 2529 4114 μετὰ
2562 4042 2622 4096 τὸ
2665 4042 2943 4096 Γενέθλιον
2963 4060 2977 4075 ’
3014 4046 3042 4097 6
3080 4043 3137 4096 δὲ
3169 4044 3225 4097 ὲν
3252 4044 3330 4115 τῷ
3366 4046 3463 4108 Εἰς
3484 4044 3556 4096 τὰ
3581 4046 3722 4099 Θεο-

421 4210 428 4217 _
478 4139 726 4191 oratione
764 4156 776 4191 :
820 4137 913 4207 qui
946 4137 1111 4192 etiam
1159 4136 1213 4190 in
1253 4135 1501 4192 oratione
1544 4134 1620 4190 De
1673 4134 2041 4190 Incarnatione

2153 4118 2489 4206 φάνιαλόγῳ
2511 4151 2526 4166 ⁸
2566 4138 2595 4189 ὀ
2622 4136 2782 4199 αὐτὸς
2813 4135 2869 4188 δὲ
2906 4137 2998 4189 καὶ
3036 4138 3094 4189 ὲν
3131 4135 3210 4208 τῷ
3249 4136 3389 4208 Περὶ
3426 4137 3724 4207 ὲνανθρω-

479 4228 668 4284 eadem
710 4229 890 4284 habet.

2156 4228 2397 4299 πήσεως
2428 4228 2573 4300 λόγῳ
2602 4228 2672 4282 τὰ
2702 4229 2841 4282 αὐτὰ
2870 4229 3036 4298 λέγει.

853 4367 935 4419 Ex
961 4369 1202 4422 oratione
1232 4385 1294 4423 ιιι
1316 4370 1550 4439 ejusdem
1579 4368 1647 4424 ad
1678 4367 1945 4425 Domuum
1978 4377 2031 4424 et
2054 4367 2317 4426 Joannem
2346 4372 2665 4435 monachos,
2700 4368 2829 4424 ibid.
2855 4385 3006 4442 pagg.
3041 4370 3166 4437 806,
3197 4370 3320 4426 807.

555 4505 631 4559 Ad
659 4505 773 4558 haec
800 4502 1322 4574 llierosolymitanus
1344 4507 1603 4575 Cyrillus,
1635 4511 1795 4564 lcouii
1827 4511 2040 4582 Amphiv

484 4598 716 4659 lochius,
752 4594 977 4650 Proclus
1034 4595 1580 4667 Constantinopoleos
1626 4603 1904 4672 episcopi;
1954 4604 2047 4675 qui

2238 4513 2359 4565 Ἐπὶ
2392 4514 2603 4576 τούτοις
2643 4514 2736 4568 καὶ
2779 4515 2807 4566 6
2844 4514 2950 4568 τῶν
3006 4514 3389 4585 Ἱεροσολύμων
3432 4516 3721 4588 Κύριλ).ος,

2154 4606 2249 4659 καὶ¹
2291 4607 2633 4678 Ἀμφιλόχιος
2658 4611 2687 4661 6
2716 4608 2809 4661 τοῦ
2850 4609 3067 4663 Ἰκονίου
3090 4650 3104 4673 ,
3131 4611 3226 4663 καὶ
3246 4609 3486 4682 Πρόκλος
3516 4613 3545 4664 ὁ
3573 4612 3718 4666 Κων-

483 4689 538 4743 in
565 4686 989 4757 Quadragesima
1021 4686 1101 4741 sic
1125 4686 1319 4742 habet:
1352 4686 1544 4742 Divina
1572 4701 1767 4745 natura
1791 4696 2041 4759 increata,

2155 4698 2643 4763 σταντινουπόλεως
2662 4719 2675 4732 ο
2705 4699 2763 4766 ὃς
2780 4701 2873 4755 καί
2899 4719 3064 4773 φησιν
3091 4705 3148 4755 ὲν
3172 4706 3236 4775 τῇ
3270 4702 3721 4777 Τεσσαρακοστῇ·

480 4793 531 4837 et
560 4792 753 4837 nostra:
772 4781 952 4857 carnis
985 4779 1221 4851 legitima
1249 4781 1539 4850 assumptio
1560 4821 1574 4844 ,
1602 4792 1651 4836 et
1684 4800 1816 4838 unus
1844 4796 1923 4840 est
1957 4786 2051 4840 Fi-

486 4876 588 4928 lius
627 4914 641 4928 .
681 4916 695 4930 .
734 4913 748 4927 .
792 4915 806 4929 .
849 4914 862 4927 .
904 4913 919 4927 .
958 4871 1063 4928 Sed
1115 4881 1169 4928 ct
1213 4871 1408 4929 Petrus
1454 4884 1658 4945 martyr
1710 4876 2041 4932 Alexandriae

2149 4880 2488 4949 ἁνόθευτος’
2524 4886 2620 4938 καὶ
2650 4886 2823 4940 ἔστιν
2852 4884 2942 4955 εἷς
2980 4890 3132 4954 Υἱός.
3166 4930 3179 4944 .

484 4967 682 5036 ντειξειιι
715 4966 911 5022 similia
945 4974 1195 5022 testatur.
1239 4965 1463 5023 Proclus
1495 4983 1712 5038 quoque
1740 4967 2052 5024 Constanti-

484 5057 834 5124 nopolitauus
859 5057 1153 5128 episcopus
1179 5059 1230 5111 in
1262 5074 1514 5114 sermone
1546 5057 1623 5113 De
1643 5060 1916 5114 nativitate
1943 5060 2052 5116 Do-

484 5149 631 5201 mini.

2158 4787 2228 4842 Ἠ
2276 4790 2406 4845 θεία
2446 4791 2632 4860 φύσις
2665 4791 2967 4859 ἄκτιστος,
2997 4795 3034 4863 ἡ
3075 4794 3141 4859 ἐξ
3186 4795 3330 4865 ἐμοῦ
3376 4798 3719 4866 πρόσληψις

3215 4930 3228 4943 .
3285 4889 3445 4944 Ἀλλὰ
3484 4892 3578 4945 καὶ
3622 4892 3719 4945 Πὲο

2150 4990 2274 5044 spe;
2300 4977 2328 5028 6
2360 4975 2763 5049 Ἀλεξανδρείας
2784 4979 2879 5033 καὶ
2907 4981 3134 5051 μάρτυς.
3161 4981 3230 5035 τὰ
3252 4981 3410 5052 ὅμοια
3435 4987 3722 5054 μαρτυρεῖ,

2151 5067 2241 5119 καὶ
2268 5070 2508 5139 Πρόκλος
2530 5073 2558 5124 6
2582 5071 3220 5136 Κωνσταντινουπόλεως,
3255 5074 3313 5126 εν
3339 5090 3397 5126 τε
3425 5073 3502 5145 τῷ
3528 5077 3633 5141 Εἰς
3657 5073 3721 5128 τὸ

2153 5161 2476 5215 Γενέθλιον
2508 5162 2671 5235 λόγῳ.

1162 5291 1248 5345 Ea:
1276 5293 1412 5348 libro
1441 5309 1456 5347 ι
1491 5295 1722 5364 ejusdem
1763 5294 2050 5367 Epitraemii
2078 5300 2150 5355 De
2178 5301 2358 5356 verbis
2394 5301 2602 5372 Cyrilli,
2633 5301 2765 5358 ibid.
2795 5320 2915 5375 pag.
2953 5303 3081 5362 794.

557 5402 784 5475 Magnus
825 5423 1043 5479 quoque
1072 5409 1306 5465 Basilius
1345 5410 1668 5479 Cappadox,
1711 5413 1869 5483 cujus
1909 5412 2049 5470 fama

2232 5416 2289 5471 '0
2321 5416 2622 5487 θαυμάσιος
2646 5418 2702 5471 δὲ
2734 5419 3014 5485 Βασίλειος
3037 5422 3065 5475 6
3092 5424 3154 5475 ὲκ
3175 5423 3588 5488 Καππαδοκίας,
3621 5427 3727 5479 πᾶ-

485 5498 804 5551 uuiversum
836 5509 1160 5573 pervagatur
1188 5502 1397 5565 Orbem,
1431 5502 1659 5571 formam
1692 5513 1746 5560 et
1770 5507 2041 5560 essentiam

2153 5526 2250 5562 σαν
2282 5509 2521 5578 φωτίσας
2549 5509 2647 5582 τὴν
2677 5511 3021 5585 οἰκουμένην,
3049 5515 3163 5581 τὴν
3188 5515 3431 5585 μορφὴν
3486 5520 3583 5572 καὶ
3609 5518 3728 5587 τὴν

489 5589 630 5644 idem
669 5605 789 5644 esse
819 5589 994 5645 docet.
1043 5590 1270 5649 Proclus
1301 5610 1519 5665 quoque
1551 5594 2052 5672 Constantinopoli-

1374 5688 1533 5741 tnodo
1573 5689 1841 5759 siquidem
1879 5705 2052 5746 essen-

490 5690 651 5735 tanus
689 5680 981 5749 episcopus
1013 5681 1265 5738 similiter
1312 5705 1323 5738 :

492 5772 619 5827 tiam
647 5776 933 5844 appellavit
967 5776 1213 5845 formam,
1251 5781 1409 5837 modo
1450 5799 1575 5838 vero
1612 5795 1875 5839 namram.

2153 5602 2370 5656 οὐσίαν
2396 5602 2588 5655 ταυτὸν
2618 5603 2952 5672 δογματίζει.
2987 5607 3099 5659 Καὶ
3128 5607 3368 5677 Πρόκλος
3404 5606 3461 5660 δὲ
3500 5609 3529 5660 6
3571 5610 3727 5663 Κων-

2156 5694 2643 5756 σταντινουπόλεως
2690 5694 3016 5758 ἐπίσκοπος,
3058 5695 3346 5759 timuiita);
3391 5698 3421 5749 6
3473 5698 3573 5768 μὲν
3618 5699 3727 5770 γὰρ

2154 5786 2250 5856 τὴν
2275 5786 2514 5856 μορφὴν
2537 5788 2755 5841 οὐσίαν
2783 5787 3091 5859 ὠνόμασεν
3123 5791 3150 5841 6
3178 5788 3233 5841 δὲ
3267 5788 3478 5857 φύσιν.
