3996 6340
318 396 425 454 669
1503 402 1914 460 TESTIMONIA
1955 402 2303 459 VETERUM.

1874 541 2003 600 ΧΠ.

810 634 888 690 Ea:
914 637 1223 695 Constituto
1263 641 1439 712 Vigilii
1469 659 1620 712 papae
1657 645 1798 712 apud
1825 645 2115 699 Barom’um
2149 646 2217 699 ad
2252 660 2446 698 annum
2474 643 2595 710 555,
2626 641 2655 713 §
2687 642 2783 696 I74
2816 652 2863 696 et
2893 659 2999 712 aeq:

388 752 612 812 Beatum
643 756 890 814 Proclum
925 756 1086 824 hujus
1120 759 1278 827 regite
1310 756 1547 811 civitatis
1579 759 1874 813 antistitem
1907 783 1946 835 Α
1974 758 2381 813 eruditissimus
2412 755 2778 820 sacerdotum,
2808 762 2861 809 et
2881 771 2986 809 non
3015 756 3171 824 ionge
3201 772 3229 809 a
3260 755 3542 812 Theodori

319 843 393 900 ita
424 850 703 903 memorati
741 849 966 904 Joannis
999 849 1318 904 Antiocheni
1350 850 1589 920 episc0pi
1622 850 1872 905 similiter
1977 849 2342 920 Mopsuesteni
2420 850 2524 902 vita
2586 857 2869 916 repertus,
2934 849 3074 903 mala
3126 865 3244 918 quae
3307 851 3536 906 libenter

317 945 534 993 constat
566 940 910 1010 respondisse
943 941 1246 1009 rescriptis,
1275 950 1378 995 etc.
1414 939 1714 1012 Perpendat
1742 957 1872 1012 ergo
1975 942 2361 1007 damnaverat,
2393 942 2554 1005 cuius
2589 953 2813 1007 essent,
2843 956 2902 996 se
2925 940 3037 1011 jam
3086 949 3216 995 tunc
3256 941 3547 1012 professus

321 1029 536 1099 pietatis
577 1039 772 1087 vestrae
816 1031 1082 1103 sapientia
1128 1031 1427 1101 singularis
1471 1033 1601 1103 quia
1644 1031 1870 1090 Proclus
1975 1042 2059 1091 est
2089 1035 2367 1106 ignorare.

1859 1153 2020 1216 XIII.

576 1247 661 1303 Ea:
692 1265 850 1305 conc.
874 1250 1474 1326 Constantinopolitano
1503 1273 1776 1328 n,-gener.
1807 1259 1870 1323 ν,
1905 1260 2087 1314 collat.
2124 1274 2207 1325 ιιι,
2229 1257 2355 1314 edit.
2399 1257 2525 1312 Ven.
2558 1256 2722 1312 Labb.
2751 1267 2877 1312 tom.
2912 1256 3000 1324 Vl,
3033 1273 3153 1329 pag.
3177 1258 3267 1312 42.

386 1362 677 1436 Sequimur
708 1382 802 1437 per
826 1370 1005 1424 omnia
1031 1379 1085 1426 et
1111 1380 1330 1426 sanctos
1373 1372 1559 1429 Patres
1591 1381 1644 1427 et
1681 1374 1871 1429 docto-

1977 1374 2262 1437 Proclum;
2293 1382 2346 1429 et
2382 1374 2714 1443 suscipimus
2746 1374 2929 1429 omnia
2971 1389 3091 1444 quae
3122 1373 3190 1427 de
3231 1382 3375 1427 recta
3411 1373 3536 1435 fide,

313 1465 403 1507 res
436 1452 707 1520 Ecclesiae,
727 1457 1098 1525 Athanasium,
1137 1459 1419 1528 Hilarium,
1450 1473 1579 1529 etc.,
1609 1463 1864 1529 Leonem,

1978 1472 2031 1519 et
2070 1463 2518 1519 condemnatione
2552 1463 2931 1518 haereticorum
2964 1470 3335 1532 exposuerunt
3364 1460 3464 1533 (a).

1172 1575 1257 1630 Ea:
1275 1578 1453 1637 eodem
1483 1580 1716 1633 concilio
1745 1578 1881 1646 Cl’.,
1912 1580 2094 1634 collat.
2119 1596 2190 1641 vr,
2230 1578 2357 1634 ibid.
2394 1593 2515 1648 pag.
2546 1576 2664 1632 156.

384 1687 579 1744 Sancta
608 1693 848 1769 synodus
878 1695 1013 1749 dixit
1044 1716 1057 1751 :
1083 1698 1349 1753 Omnibus
1372 1699 1715 1755 manifestum
1747 1718 1867 1757 esse
1970 1700 2281 1756 Nestorium
2317 1699 2577 1759 vindieat,
2607 1707 2658 1750 et
2695 1695 2846 1765 impii
2880 1693 3149 1750 Theodori
3191 1694 3395 1763 scripta
3441 1707 3543 1763 per

310 1787 568 1849 putamus
604 1797 669 1837 ex
710 1785 938 1854 epistola
980 1801 1009 1839 a
1052 1786 1244 1843 Proeto
1284 1790 1550 1858 religiosae
1594 1795 1869 1847 memoria:
1971 1793 2153 1847 omnia
2194 1790 2547 1860 comprobat,
2590 1802 2709 1858 qua:
2758 1798 2959 1841 sancta:
2996 1784 3270 1840 memoriae
3311 1783 3549 1838 Proclus‘

309 1869 538 1940 scripta,
574 1870 720 1937 quod
759 1889 866 1928 non
902 1875 1070 1930 libera
1102 1886 1182 1932 est
1230 1879 1300 1931 ab
1334 1881 1682 1936 accusatione
1726 1882 1871 1949 apud
1972 1883 2231 1953 praecepit
2265 1897 2388 1937 eum
2423 1879 2908 1947 anathematizare.

308 1974 435 2013 eum
481 1964 755 2033 proposita
799 1964 868 2019 ad
919 1964 1113 2021 Mariam
1168 1967 1381 2024 Persam
1428 1972 1683 2038 epistola;
1736 1989 1863 2027 nam

798 2074 885 2131 Ex
905 2077 1083 2132 eodem
1114 2080 1350 2157 concilio
1377 2079 1509 2146 CP.,
1531 2083 1713 2136 collat.
1742 2100 1797 2147 v,
1825 2082 2016 2152 συν-ξιίὶ
2037 2085 2189 2153 epist.
2223 2083 2295 2138 ad
2326 2083 2608 2144 Acacium,
2637 2080 2766 2136 ibid.
2799 2095 2920 2151 pag.
2959 2077 3058 2136 79.

380 2182 496 2239 Non
530 2185 815 2255 oportebat
843 2188 1008 2245 latere
1037 2193 1378 2248 sanctitatem
1410 2204 1554 2248 tuam
1584 2215 1597 2250 :
1629 2207 1723 2251 aut
1760 2197 1869 2251 for-
1900 2206 1941 2261 Β
1971 2199 2128 2269 longa
2172 2198 2239 2254 de
2276 2199 2680 2268 dispensatione
2713 2195 2925 2251 Domini
2955 2195 3125 2250 nostri
3154 2193 3281 2248 Jesu
3313 2192 3541 2248 Christi.

324 2276 467 2331 sitan
497 2285 550 2333 et
581 2281 850 2350 cognovit,
879 2282 1021 2352 quod
1048 2299 1239 2340 omnes
1259 2284 1561 2343 Orientales
1587 2290 1877 2360 religiosis-
1971 2291 2269 2363 Supposuit
2301 2292 2462 2347 etiam
2495 2290 2731 2360 capitula
2759 2288 3006 2360 quaedam
3039 2287 3268 2342 collecta
3299 2301 3328 2338 a
3353 2281 3538 2340 Theo-

310 2368 437 2422 simi
461 2369 694 2440 episcopi
726 2371 783 2426 in
806 2372 1088 2429 Antiochia
1116 2385 1505 2441 convenerunt,
1538 2395 1662 2434 cum
1696 2390 1875 2438 trans-
1972 2383 2095 2440 dori
2128 2384 2434 2445 codicibus,
2463 2399 2587 2453 qua:
2619 2389 3011 2436 consonantem
3035 2377 3269 2433 Nestorii
3299 2376 3545 2446 perfidiis

310 2459 552 2515 misisset
600 2463 680 2518 eis
721 2471 926 2519 tomum
975 2466 1230 2523 dominus
1285 2485 1438 2526 meus
1488 2473 1874 2530 sanctissimus
1971 2476 2306 2530 intellectum
2357 2473 2581 2538 habent,
2618 2484 2672 2529 et
2726 2472 3048 2527 adhortatus
3099 2478 3184 2526 est
3235 2469 3399 2524 etiam
3446 2467 3537 2522 illa

309 2551 603 2622 episcopus
634 2554 878 2622 Proclus,
920 2559 1191 2614 bonorum
1226 2561 1445 2631 plenum
1488 2564 1870 2620 intellectuum
1974 2566 2454 2621 anathematizare.

311 2654 366 2699 et
401 2657 673 2703 rectorum
712 2650 1066 2722 dogmatum;
1108 2664 1224 2707 erat
1271 2657 1413 2710 enim
1443 2660 1583 2713 ratio
1614 2659 1780 2713 multa
1823 2668 1877 2715 et

1842 2777 1999 2837 XIV.

599 2887 928 2944 Amsnsws
959 2889 1181 2946 Summ
1205 2893 1297 2948 lib.
1350 2895 1595 2966 ⁸οδηγοῦ,
1628 2912 1743 2966 cap.
1768 2899 1820 2963 5,
1849 2914 1914 2952 ea:
1943 2897 2070 2953 edit.
2100 2895 2234 2965 Opp.
2261 2892 2492 2949 Gretseri
2516 2893 2674 2959 1760,
2701 2900 2827 2947 tam.
2851 2890 2994 2960 XIV,
3014 2906 3135 2961 pag.
3165 2890 3255 2946 '59.

382 2995 567 3065 Πολλῷ
592 2996 750 3052 πλέον
773 2998 827 3052 δὲ
852 2999 1089 3065 πάντων,
1115 3005 1210 3058 καὶ
1238 3005 1344 3078 πρὸ
1366 3006 1585 3062 πάντων
1611 3009 1716 3080 χρὴ
1743 3011 1873 3063 ἀνα-

2044 3008 2158 3063 Ρτιε
2197 3007 2450 3062 omnibus
2494 3021 2623 3061 vero
2669 3013 2724 3061 et
2757 3013 2882 3060 ante
2926 3003 3109 3057 omnia
3162 2999 3540 3057 exsecrandns

311 3086 622 3157 Θεματίζειν
651 3089 743 3143 τὸν
770 3091 1125 3162 κηρύττοντα,
1156 3096 1188 3168 ἦ
1229 3096 1418 3169 ἔχοντα
1447 3100 1572 3155 νέαν
1609 3102 1811 3163 πίστιν.
1840 3102 1874 3174 ἦ

1985 3112 2058 3156 est
2080 3143 2094 3165 ,
2131 3101 2222 3171 qui
2260 3114 2455 3154 novam
2490 3097 2648 3153 ﬁdem
2680 3106 2774 3152 aut
2812 3095 3135 3152 sententiam
3165 3091 3426 3164 praedicat
3457 3091 3540 3145 vel

310 3180 429 3233 νέον
457 3180 649 3251 δόγμα,
688 3183 1135 3257 παρηλλαγμένον
1162 3189 1262 3262 τῆς
1289 3191 1524 3257 πίστεως
1555 3193 1661 3247 τῶν
1689 3195 1749 3247 έν
1776 3195 1877 3248 Νι-

1985 3199 2122 3247 Lenet
2163 3191 2433 3246 diversam
2478 3205 2508 3244 a
2560 3188 2819 3244 trecentis
2857 3187 3042 3243 decem
3083 3193 3137 3241 et
3182 3190 3306 3239 octo
3352 3181 3542 3237 Nicaea»

314 3273 443 3344 καίᾳ
474 3280 579 3344 τιη¹
628 3275 902 3347 Πατέρων.
961 3278 1232 3344 Ὡσαύτως
1276 3283 1370 3336 καὶ
1418 3284 1507 3337 τὸν
1549 3285 1802 3354 εὑρόντα,
1844 3286 1879 3356 ἢ

1985 3285 2252 3339 Patribus.
2295 3282 2555 3338 Similiter
2593 3289 2646 3337 ct
2685 3281 2777 3351 qui
2819 3280 3087 3334 invenerit
3116 3284 3211 3331 aut
3240 3275 3542 3344 susceperit

311 3360 694 3433 παραλαϐόντα
722 3365 786 3417 ὲκ
816 3365 914 3436 τῆς
943 3367 1156 3421 συνόδου
1188 3370 1525 3442 Χαλκηδόνος
1549 3373 1674 3427 νέαν
1700 3373 1879 3427 πίστιν

1985 3393 2041 3433 οι
2082 3377 2316 3432 concilio
2336 3373 2763 3430 Chalcédonensi
2786 3386 2982 3427 novam
3005 3379 3200 3440 prazter
3225 3375 3539 3422 sanctorum

312 3455 583 3525 παρεκτὸς
604 3457 695 3509 τοῦ
727 3461 1069 3531 φρονήματος
1088 3460 1197 3514 τῶν
1220 3462 1552 3531 ἁγίων.Πατέ
1562 3482 1668 3534 ρων
1692 3467 1876 3520 Διονυ-

1985 3466 2199 3522 Patrum
2229 3475 2489 3530 mentem,
2517 3464 2782 3534 Dionysii,
2816 3462 3023 3527 Irena‘i,
3050 3458 3355 3521 Athanasii,
3389 3455 3540 3511 Basi-

314 3517 452 3607 σξου,
492 3517 803 3619 Είρηνιιίου,
849 3517 1187 3614 ‘Aueavaot'ou,
1228 3517 1875 3628 Bactlsiou,i‘pqyopioo,

1985 3558 2056 3625 lii,
2083 3557 2349 3628 Gregorii,
2383 3555 2828 3620 Joannis,Procli
2865 3554 3309 3624 reliquorumque
3332 3556 3542 3603 saneto-

326 3637 596 3705 Ἰωάννου,
640 3641 908 3712 Πρόκλουο
942 3644 1037 3698 καὶ¹
1058 3644 1164 3697 τῶν
1191 3644 1394 3699 λοιπῶν
1427 3648 1595 3715 ἁγίων
1621 3650 1879 3722 Πατέρων

1985 3665 2097 3704 rum
2119 3649 2342 3704 Patrum
2367 3663 2492 3705 cum
2521 3648 2607 3703 his
2631 3646 3007 3703 concordium.
3041 3642 3177 3698 Nam
3203 3642 3294 3713 qui
3316 3649 3540 3697 sanctos

314 3725 424 3781 τῶν
450 3729 765 3800 ὀμοφρόνων
798 3731 997 3787 αὐτῶν.
1037 3732 1175 3796 Τοὺς
1209 3733 1320 3805 γὰρ
1353 3734 1426 3805 μὴ
1460 3734 1879 3800 ἀκολουθοῦντας

1985 3745 2079 3799 bos
2113 3743 2367 3798 doctores
2407 3757 2516 3798 non
2554 3750 2879 3812 sequuntur,
2914 3740 3200 3794 damnatos
3229 3735 3480 3791 ducimus
3511 3745 3543 3784 a

316 3816 524 3882 τούτοις
554 3822 662 3885 τοῖς
692 3822 866 3891 ἁγίοις
902 3823 1240 3889 διδασκάλοις
1259 3865 1274 3890 ,
1314 3828 1678 3899 κατακρίτους
1716 3828 1884 3900 ἡγού-

321 3909 460 3979 μεθα
494 3910 588 3965 καὶ
613 3912 924 3986 ἀλλοτρίους
950 3913 1043 3968 τοῦ
1066 3915 1321 3986 Χριστοῦ.

1978 3836 2308 3905 Christoque
2338 3834 2569 3890 alienos.

1522 4032 1657 4088 Ιυειι
1686 4033 1816 4087 ibid.
1851 4049 1968 4103 cap.
2001 4035 2054 4093 6.
2095 4051 2216 4105 pag.
2243 4034 2334 4089 46.

392 4140 563 4201 Ὅσας
598 4138 651 4191 δὲ
686 4139 844 4193 πάλιν
884 4141 1102 4211 χρήσεις
1139 4141 1401 4211 λεγούσας
1429 4143 1527 4207 τὰς
1563 4144 1654 4197 δύο
1688 4145 1879 4214 φύσεις

318 4224 445 4301 εὗρε
471 4228 766 4301 Γρηγορίου
798 4247 856 4283 τε
887 4232 981 4284 καὶ
1023 4232 1267 4286 Ἰωάννου
1286 4272 1301 4296 ,
1331 4234 1423 4286 καὶ
1451 4235 1743 4306 Κυρίλλου,
1786 4237 1879 4289 κα).

335 4321 667 4382 Ἀθανασίου,
695 4322 788 4375 καὶ
807 4322 1072 4393 Πρόκλου,
1100 4323 1192 4376 καὶ
1214 4323 1320 4377 τῶν
1344 4324 1542 4379 λοιπῶν
1568 4327 1879 4397 περιφανῶν

319 4413 670 4477 διδασκάλων,
704 4407 778 4465 ὧν
809 4415 866 4466 αἱ
906 4413 1075 4484 βίϐλοι
1105 4416 1198 4469 καὶ⁸
1228 4417 1283 4469 αἱ
1311 4419 1535 4489 χρήσεις
1571 4420 1880 4491 ἀπαραίτη-

278 4504 401 4587 .ιτοί
434 4506 559 4569 εἰσι,
582 4504 669 4559 διὰ
699 4505 760 4558 τὸ
812 4506 951 4560 κατὰ
996 4508 1174 4560 πᾶσαν
1211 4508 1309 4580 τὴν
1355 4511 1675 4581 οἰκουμένην
1712 4512 1887 4576 αὐτὰς

320 4596 662 4668 προκεῖσθαι.

1465 4719 1597 4775 lusu
1637 4719 1765 4774 ibid.
1793 4735 1906 4787 cap.

392 4823 522 4880 Εἶτα
554 4826 693 4897 μετὰ
726 4828 815 4881 τὸν
854 4829 1186 4900 Ἀρτέμωνα,
1220 4831 1424 4895 Παῦλος
1447 4834 1475 4885 6
1511 4832 1879 4903 Σαμοσατεὺς,

326 4921 414 4973 καὶ
440 4919 700 4989 Διόδωρος
735 4920 791 4973 δὲ
828 4922 923 4974 καὶ
950 4921 1221 4992 Θεόδωρος
1246 4924 1273 4975 6
1323 4924 1623 4994 Ἀντιοχεὺς
1656 4924 1881 4993 γεγόνα-

325 5024 429 5074 σιν,
451 5010 509 5075 ἐξ
534 5005 608 5063 ὧν
633 5010 701 5066 τὰ
726 5013 893 5085 μυρία
916 5013 1160 5083 δόγματα
1185 5013 1282 5083 τῆς
1309 5014 1624 5084 διαιρέσεως
1653 5016 1881 5087 ῆντλησε

323 5102 632 5172 Νεστόριος,
670 5104 808 5157 καθὰ
840 5106 1105 5175 μαρτυρεί
1133 5104 1223 5157 καὶ
1251 5106 1279 5157 6
1310 5103 1464 5173 ἅγιος
1496 5103 1759 5175 Πρόκλος,
1788 5106 1883 5158 καὶ⁵

321 5194 352 5244 6
384 5193 651 5263 μακάριος
677 5194 961 5265 Κύριλλος.

395 5285 660 5353 Μεγάλως
686 5287 714 5338 6
743 5285 1005 5357 Κύριλλος
1034 5288 1243 5340 ἐπαινεί
1265 5286 1503 5359 Πρόκλον
1532 5286 1621 5339 τὸν
1651 5286 1883 5358 σύγχρο-

325 5393 415 5429 νον
450 5376 634 5430 αὐτοῦ.
676 5377 837 5445 Λέγει
861 5377 968 5449 γὰρ
1003 5379 1058 5430 ὲν
1090 5381 1154 5449 τῇ
1191 5379 1453 5449 ἑρμηνείᾳ
1479 5377 1574 5430 τοῦ
1609 5378 1882 5448 Συμϐόλου

327 5466 524 5532 οὕτως’
573 5468 766 5523 Ταῦτα
809 5469 1019 5538 φρονεῖ
1055 5471 1184 5539 μεθ’
1222 5469 1390 5537 ἡμῶν
1434 5472 1467 5524 ὁ
1503 5471 1887 5539 φιλόχριστος

327 5558 446 5613 τῶν
476 5560 660 5627 ἁγίων
684 5559 955 5628 Πατέρων
983 5562 1158 5629 χορός
1177 5575 1191 5590 ⁸
1230 5561 1327 5614 καὶ
1358 5560 1540 5628 αὐτὸς
1571 5561 1638 5614 δὲ
1678 5564 1710 5615 o'
1749 5560 1885 5614 νυνὶ

330 5651 438 5703 σὸν
473 5652 585 5719 τῆς
610 5652 781 5723 ἁγίας
821 5653 1537 5708 Κωνσταιιτινουπολιτῶν
1572 5653 1887 5724 κοσμήσας

2054 4145 2290 4200 Rnrsum
2324 4159 2445 4214 qua;
2473 4140 2785 4198 testimonia
2821 4136 3045 4194 offendit
3073 4136 3210 4192 duas
3244 4136 3544 4193 asserentia

1984 4245 2206 4290 naturas
2242 4236 2295 4288 in
2335 4234 2627 4303 Gregorio,
2672 4230 2916 4293 Joanne,
2950 4230 3174 4301 Cyrillo,
3226 4229 3542 4293 Athanasio,

1984 4326 2298 4389 Ambrosio,
2327 4324 2520 4379 Proclo
2547 4323 2869 4392 caelatisque
2890 4322 3169 4392 praeclaris
3205 4320 3544 4386 doctoribus,

1987 4432 2216 4488 quorum
2273 4415 2426 4471 libris
2477 4421 2532 4471 et
2590 4414 2877 4469 sententiis
2930 4411 3192 4483 refragari
3262 4412 3541 4481 nequiret,

1988 4516 2275 4579 postquam
2312 4515 2423 4562 toto
2463 4514 2731 4562 terrarum
2761 4506 2877 4560 orbi
2908 4512 3122 4560 constat
3147 4504 3283 4559 duas
3313 4503 3464 4573 ipsos
3491 4502 3546 4556 in

1988 4599 2206 4656 Christo
2237 4608 2461 4655 naturas
2492 4597 2778 4653 afﬁrmare.

1940 4721 1992 4781 7,
2033 4732 2185 4787 pagg.
2218 4716 2308 4782 52,
2333 4715 2422 4771 55.

2055 4828 2185 4883 Post
2211 4828 2557 4882 Artemonem
2590 4827 2763 4880 exorti
2796 4835 2924 4881 sunt
2955 4822 3157 4878 Paulus
3192 4822 3545 4876 Samosaten-

1987 4921 2084 4985 sis,
2124 4920 2389 4973 Diodorus
2432 4930 2484 4972 et
2517 4916 2839 4972 Theodorus
2864 4915 3255 4976 Antiochenns,
3292 4927 3321 4965 a
3347 4912 3547 4982 quibus

1986 5013 2269 5066 innumera
2309 5011 2377 5064 de
2414 5010 2680 5065 divisione
2723 5009 2974 5078 dogmata
3013 5006 3297 5062 Nestorius
3342 5005 3544 5065 hausit,

1988 5115 2044 5159 ut
2066 5113 2333 5160 testantur
2356 5110 2580 5157 sanctus
2613 5099 2840 5156 Proclus
2865 5106 2920 5155 et
2949 5099 3139 5155 beatus
3173 5097 3423 5169 Cyrillus.

2063 5289 2270 5359 Magnis
2292 5287 2546 5343 laudibus
2574 5286 2723 5342 ell’ert
2748 5285 2984 5358 Cyrillus
3011 5283 3263 5339 Proclnm
3290 5282 3391 5338 sibi
3418 5297 3548 5335 con-

1990 5391 2420 5449 temporaneum.
2466 5378 2601 5433 Nam
2656 5378 2712 5433 in
2765 5376 3125 5447 explicatione
3180 5374 3421 5446 Symboli
3475 5374 3545 5428 ita

1986 5472 2174 5527 scribit
2205 5490 2219 5523 :
2251 5469 2381 5524 [hac
2410 5470 2676 5524 nobiscum
2712 5469 2871 5524 sentit
2912 5465 3109 5521 Christ:
3152 5466 3548 5520 ualentissimus

1985 5572 2290 5616 sanctorum
2318 5559 2542 5614 Patrum
2569 5561 2790 5623 chorus;
2810 5571 2859 5611 et
2887 5559 2976 5612 ille
3007 5560 3115 5627 ipse
3145 5560 3233 5627 qui
3265 5572 3400 5611 nunc
3428 5572 3551 5611 san-

1986 5663 2083 5705 ctw
2142 5650 2746 5719 Constantinopolitanae
2800 5649 3046 5705 Ecclesia'
3100 5650 3342 5704 (Iamiam
3392 5657 3550 5706 tenet.

402 5808 476 5876 (α)
501 5809 624 5867 [late
650 5813 834 5867 eadem
858 5813 1019 5887 etiam
1053 5812 1315 5869 habentur
1346 5813 1398 5868 in
1435 5813 1629 5869 concil.
1659 5809 2108 5869 Laterancn.'sub
2138 5806 2370 5864 Martino
2399 5806 2444 5881 l,
2482 5823 2635 5866 cons.
2662 5808 2715 5866 5.
