3996 6340
413 381 523 443 ·οτι
988 365 998 377 ’
1509 386 1570 446 s.
1608 380 1928 444 raocws
1965 385 2068 444 cr.
2109 386 2505 445 msceres.
3536 374 3657 432 672

420 496 783 552 sanctissimus
817 506 864 552 et
902 497 1330 566 religiosissimus
1362 500 1529 572 frater
1572 512 1623 559 et
1650 503 1984 574 coepiscopua
2013 520 2027 567 Α

2101 503 2317 572 ῖρόνον,
2358 502 2676 567 ὁσιώτατος
2695 539 2710 565 ,
2753 500 2850 554 καὶ
2893 495 3351 561 θεοσεϐέστατος
3382 491 3654 564 ἀδελφὸς

425 585 665 643 Proetus.

492 676 743 734 Proclum
785 680 903 751 ipsa
945 678 1180 737 Nestorii
1216 694 1373 741 aetate
1403 684 1519 740 haac
1552 683 1857 749 docentem,
1886 698 1984 755 ap-

423 767 587 838 pellat
613 768 831 826 divinus
870 770 1129 843 Cyrillus,
1172 774 1417 844 ejusdem
1457 790 1640 831 secum
1676 774 1977 838 sententiae,

422 868 477 915 et
516 859 853 919 Sanctissimi
893 870 957 919 ac
1002 863 1095 921 Pii
1139 867 1497 938 appellatione
1534 867 1880 932 cohonestet,
1929 875 1983 921 et

424 951 608 1007 laudat
638 969 793 1023 eum,
836 956 982 1014 clare
1028 958 1165 1013 duas
1215 960 1270 1014 in
1313 956 1532 1015 Christo
1563 968 1788 1016 naturas
1830 974 1983 1015 asse-

425 1051 630 1100 rentem
639 1086 652 1099 .

2085 596 2536 660 συνεπίσκοπος
2573 592 2859 669 Πρόκιλος.

2155 686 2340 740 Ταῦτα
2363 684 2603 756 Πρόκλου
2634 682 2776 737 κατὰ
2806 680 2895 735 τὸν
2920 679 3108 754 καιρὸν
3137 676 3231 732 τοῦ
3256 675 3551 743 Νεστορίου
3573 675 3653 728 δυ.-

2084 777 2391 840 δάσκοντος,
2419 776 2448 828 ὁ
2469 775 2609 838 Θεῖος
2639 772 2903 845 Κύριλλος
2929 770 3233 842 σύμφρονα,
3261 768 3356 822 καὶ
3390 769 3653 837 Ἅγιώτα·

2084 885 2191 922 τον
2217 866 2397 932 αὑτὸν,
2428 866 2521 920 καὶ
2560 866 2769 918 "Ocior
2803 859 2941 916 εἶναι
2979 860 3261 932 ὁμολογεῖ,
3302 857 3398 912 καὶ
3430 859 3651 911 ὲποιινεί

2085 960 2177 1015 δύο
2205 959 2394 1030 φύσεις
2424 956 2713 1031 προφανῶς
2740 956 2834 1009 ἐπὶ
2863 950 3099 1025 Χριστοῦ
3126 952 3370 1021 λέγοντα.

1987 1163 2114 1223 XV.

1033 1289 1315 1349 Facunous
1346 1293 1614 1363 episcopus
1657 1289 2049 1347 Hei-minuentis
2072 1288 2166 1345 lib.
2196 1303 2311 1353 vut,
2344 1302 2464 1358 cap.
2484 1287 2539 1351 2,
2570 1300 2724 1356 pagg.
2752 1281 2878 1349 645,
2906 1280 3025 1337 646.

500 1400 653 1468 Quod
697 1404 744 1459 si
772 1404 887 1460 haec
915 1406 1056 1461 ratio
1094 1423 1201 1461 non
1230 1424 1369 1472 mea,
1401 1409 1495 1463 sed
1524 1409 1623 1463 viri
1676 1407 1985 1478 prudentis-

428 1489 551 1545 simi
581 1502 742 1562 atque
765 1495 1095 1550 sanctissimi
1124 1495 1320 1558 Procli,
1353 1497 1513 1552 modo
1545 1498 1979 1553 contemnitur...

433 1580 818 1654 Nonnullisqae
866 1589 1151 1658 intrrjectis
1186 1604 1204 1641 :
1248 1587 1360 1644 liao
1405 1589 1476 1643 ita
1530 1589 1815 1660 perspicua
1854 1604 1991 1642 cun-

2089 1406 2195 1480 etis
2240 1405 2453 1460 ratione
2488 1402 2793 1459 ducebatur
2830 1399 2912 1454 vir
2943 1399 3124 1457 bonus
3153 1410 3208 1455 et
3249 1400 3469 1469 sapiens
3514 1395 3651 1453 Pro-

2091 1498 2230 1562 elus,
2265 1507 2370 1552 etc.

1995 1725 2154 1786 XVI.

964 1848 1232 1907 LEONTIUS
1258 1849 1333 1905 De
1360 1850 1547 1917 sectis,
1576 1862 1681 1905 act.
1704 1865 1786 1913 ιιι,
1807 1864 1873 1904 ea:
1895 1848 2149 1905 Biblioth.
2189 1847 2292 1902 PP.
2324 1846 2526 1908 Paris..
2558 1856 2683 1900 tom.
2718 1844 2810 1912 XI,
2836 1860 2958 1915 pag.
2990 1844 3113 1899 505.

501 1961 581 2016 Ab
632 1963 841 2032 imperii
889 1962 1323 2020 Constantiniani
1374 1965 1642 2035 principio
1696 1980 1870 2034 usque
1918 1965 1983 2019 ad
2019 1970 2063 2027 Β

432 2055 799 2110 collectionem
835 2057 1026 2128 synodi
1062 2059 1543 2123 Chalcedonensis,
1575 2060 1628 2113 hi
1659 2057 1911 2113 doctores
1937 2067 1990 2113 et

432 2142 618 2199 Patres
664 2145 913 2201 vixerunt
957 2165 972 2201 :
1031 2148 1293 2206 Silvester
1335 2151 1624 2221 episcopus
1678 2149 1987 2215 Romanus,

432 2235 753 2301 Alexander,
775 2236 1177 2307 etc.,Joaunes,
1200 2240 1423 2297 Proclus
1453 2251 1507 2298 et
1532 2241 1823 2297 Flavianus
1850 2241 1992 2297 Con-

432 2329 921 2398 stautinopolitani.

2171 1964 2301 2016 Ἀπὸ
2327 1965 2425 2033 τῆς
2454 1963 2627 2034 ἀρχῆς
2655 1964 2753 2033 τῆς
2788 1960 3060 2032 βασιλείας
3087 1960 3495 2013 Κωνσταντίνου
3523 1957 3655 2030 ἄχρι

2095 2055 2189 2110 τοῦ
2240 2056 2539 2125 κινήματος
2573 2054 2671 2124 τῆς
2715 2056 2771 2106 ἐν
2799 2050 3098 2123 Χαλκηδόνι
3131 2050 3344 2104 συνόδου
3364 2094 3378 2117 ,
3410 2051 3661 2117 ἐγένοντο

2094 2149 2399 2204 διδάσκαλοι
2442 2148 2536 2201 καὶ
2577 2146 2812 2219 Πατὲρες
2855 2145 2998 2198 οἵδε·
3043 2144 3358 2215 Σίλόεστρος
3415 2143 3656 2213 Ῥώμης,

2107 2241 2465 2311 Ἀλέξανδρος,
2501 2240 2771 2310 Ἰωάννης,
2804 2236 3043 2311 Πρόκλος
3073 2239 3167 2290 καὶ
3188 2237 3482 2301 Φλαόιανὸς
3512 2239 3660 2290 Κων-

2098 2332 2610 2395 σταντινουπόλεως.

1966 2455 2151 2517 XVII.

836 2571 1107 2635 Csenatus
1148 2578 1563 2639 ALEXANDBINUS
1586 2598 1650 2637 ea:
1679 2582 1815 2637 libro
1844 2581 1920 2638 De
1938 2581 2049 2637 vita
2074 2577 2467 2652 Chrysostomi,
2496 2576 2636 2648 apud
2664 2575 2923 2633 Savilium
2953 2587 3081 2633 tom.
3106 2576 3243 2632 Vlll.

500 2686 760 2758 Princeps
814 2703 1164 2764 expromptus
1211 2696 1279 2750 ad
1335 2714 1393 2753 se
1441 2699 1672 2754 accersit
1718 2699 1991 2765 Proclum,

432 2794 589 2847 quem
616 2781 682 2834 ad
711 2781 811 2836 hoc
837 2783 1012 2852 ipsum
1045 2801 1243 2842 munus
1262 2788 1569 2844 obeundum
1591 2790 1951 2846 constituerat
1975 2808 1991 2847 :

433 2873 607 2926 virum
637 2875 824 2946 utique
849 2878 1062 2933 eximia:
1089 2880 1306 2950 pietatis
1332 2896 1460 2950 erga
1491 2881 1682 2948 Deum,
1713 2882 1996 2938 omnibus-

434 2980 538 3036 que
563 2968 821 3024 virtutum
850 2975 1183 3031 ornamentis
1206 2975 1538 3030 redimitum.

2170 2698 2428 2767 Ἕτοιμον
2474 2690 2567 2749 οὖν
2615 2694 2875 2766 ὑπάρχων
2927 2694 3083 2747 καλεί
3127 2695 3217 2748 τὸν
3260 2693 3526 2765 Πρόκλον,
3577 2694 3659 2758 εις

2097 2789 2227 2844 αὐτὸ
2278 2787 2432 2842 τοῦτο
2484 2787 2900 2860 ἀφωρισμένον,
2952 2786 3118 2858 ἄνδρα
3163 2784 3423 2855 Θεοσεΰῆ,
3457 2786 3552 2838 καὶ
3598 2787 3675 2838 ἐν’
3746 2854 3749 2857 ἱ

2099 2882 2248 2952 πάσῃ
2286 2881 2454 2952 ἀρετῇ
2493 2879 2922 2950 κεκοσμημένον.

1943 3092 2155 3153 XVIII.

951 3214 1181 3272 Joannes
1210 3216 1552 3275 Dauasceaus
1581 3221 1636 3274 in
1665 3219 1904 3289 Epistola
1932 3202 2000 3276 de
2023 3216 2294 3288 Trisagio,
2328 3217 2356 3288 ᾗ
2386 3217 2441 3282 6,
2477 3213 2609 3284 Opp.
2642 3223 2767 3268 tam.
2795 3211 2835 3277 1,
2866 3229 2990 3283 pag.
3012 3210 3137 3267 487.

503 3326 770 3398 Tempore
797 3332 1095 3392 beatissimi
1130 3337 1308 3393 Procli
1341 3356 1407 3395 ex
1439 3340 1622 3394 divina
1662 3339 2027 3395 revelationel

2173 3339 2296 3392 Ἐπὶ
2328 3338 2573 3411 Πρόκλου
2601 3336 2695 3392 τοῦ
2740 3336 3139 3410 τρισμακαρίου
3180 3335 3243 3401 ἐξ
3269 3295 3664 3403 ἀποκαλύψεως

434 3418 714 3491 trisagium
743 3423 1343 3495 hymnumcecineruut
1374 3452 1386 3486 :
1423 3432 1650 3487 Sanctus
1678 3431 1837 3498 Deus,
1868 3448 1997 3485 sane

435 3521 549 3567 ctus
592 3513 773 3582 fortis,
821 3527 1037 3573 sanctus
1094 3518 1435 3591 immortalis,
1488 3524 1733 3580 miserere
1780 3523 1927 3578 nobis
1979 3538 1998 3578 :

438 3618 629 3674 nempe
657 3619 780 3661 cum
813 3624 1040 3678 puerum
1087 3612 1372 3682 quemdam
1402 3629 1434 3669 e
1463 3614 1639 3669 media
1683 3616 1998 3685 supplican-

437 3692 571 3748 tium
603 3696 759 3752 turba
790 3699 1022 3756 sublime
1043 3712 1257 3773 raptum
1291 3702 1460 3760 fuisse
1511 3704 1686 3770 aiunt,
1709 3714 1872 3777 atque
1894 3706 2002 3761 vir-

437 3788 552 3838 tute
577 3785 807 3854 quadam
840 3790 1080 3860 angelica
1111 3791 1164 3845 in
1195 3806 1373 3849 aerem
1404 3794 1832 3859 evectum,hunc
1854 3794 2006 3866 hym-

441 3885 568 3925 num
601 3873 884 3942 didicisse;
933 3889 1303 3951 quantumque
1353 3881 1408 3936 in
1452 3882 1555 3938 hoc
1579 3882 1778 3954 hymno
1806 3881 2006 3937 divini-

440 3964 569 4021 tatis
600 3964 821 4033 inesset,
855 3972 1185 4030 calamitatis
1215 3990 1335 4046 quae
1364 3982 1496 4032 tunc
1529 3977 1886 4048 grassabatur
1917 3976 1998 4033 le-

439 4058 731 4130 vationem,
763 4065 1077 4124 testimonio
1107 4066 1301 4125 fuisse.

2096 3431 2267 3495 θείας,
2286 3432 2379 3485 τὸν
2401 3432 2679 3502 τρισάμον
2709 3430 2957 3501 ὕμνησαν
2982 3428 3169 3501 ὕμνονε
3202 3427 3405 3497 "After;
3429 3429 3460 3480 ὀ
3490 3426 3663 3492 Θεὸς,

2096 3524 2262 3594 ἅγιος
2295 3523 2575 3594 ἰσχυρὸς,
2605 3522 2771 3592 ἅγιος
2810 3521 3123 3586 ἀθάνατος,
3164 3517 3425 3585 ἐλέησον
3465 3514 3664 3586 ἡμᾶς’

2097 3617 2185 3670 ὅτε
2211 3615 2272 3668 τὸ
2302 3615 2515 3669 παιδίον
2541 3616 2606 3669 ὲκ
2635 3615 2805 3686 μέσης
2833 3614 2931 3685 τῆς
2958 3612 3193 3684 πληθύος
3217 3611 3327 3664 τῶν
3354 3608 3661 3663 λιτανευόν-

2097 3720 2205 3757 των
2248 3703 2525 3776 ήρπάχθαι
2569 3704 2701 3772 φασὶ
2744 3703 2840 3758 καὶ
2887 3699 3192 3774 μεμνῆσθαι
3237 3701 3328 3754 τὸν
3370 3697 3559 3770 ὒμνον,
3603 3698 3665 3750 ἐν

2104 3795 2226 3862 ἀέρι
2266 3795 2554 3865 γενόμενον
2585 3794 2650 3847 ἐκ
2687 3811 2830 3858 τινος
2874 3792 3173 3864 ἁγγελικῆς
3218 3793 3517 3864 δυνάμεως,
3567 3792 3666 3846 και

2110 3887 2409 3960 μαρτυρίαν
2436 3887 2538 3957 τῆς
2564 3886 2656 3941 τοῦ
2687 3886 2856 3958 ὕμνου
2887 3885 3158 3958 θειότητος
3184 3884 3529 3957 γεγενῆσθαι,
3562 3885 3666 3957 τῆς

2105 3978 2400 4049 ἐπαγωγῆς
2427 3976 2526 4050 τὴν
2556 3976 2823 4050 λώφησιν.
3354 4016 3360 4020 .

1983 4183 2139 4244 ΧΙΧ.

511 4290 597 4346 Ea:
620 4295 851 4350 concilio
873 4295 1093 4355 Nicaeno
1125 4317 1184 4367 ιι,
1210 4318 1397 4374 gener.
1425 4320 1523 4371 vu,
1546 4313 1653 4360 act.
1684 4321 1724 4369 ι,
1765 4303 1953 4378 Cyrill.
1990 4305 2059 4362 ad
2089 4304 2357 4369 Gennad.,
2379 4319 2449 4361 ea:
2473 4305 2602 4360 edit.
2641 4301 2765 4358 Ven.
2797 4301 2985 4369 Labb.,
3013 4311 3139 4357 tom.
3165 4301 3300 4368 Vill,
3332 4317 3454 4375 pag.
3479 4303 3604 4359 719.

515 4422 637 4479 Haec
659 4434 837 4481 autem
854 4429 1212 4501 scribo,quod
1237 4436 1557 4493 inaudierim
1577 4440 1829 4509 pietatem
1848 4448 1995 4494 tuam

444 4527 587 4585 agre
618 4514 865 4572 aﬂ'ectam
908 4533 1032 4576 esse
1064 4521 1324 4581 adversus
1365 4529 1772 4584 sanctissimum
1816 4538 1870 4586 et
1898 4528 1996 4586 Dei

445 4606 707 4663 cultorem
748 4606 967 4666 fratrem
1008 4619 1062 4668 et
1098 4615 1532 4672 comministrum
1571 4626 1819 4675 nostrum
1859 4621 1996 4678 Pro-

2164 4438 2279 4493 Καὶ
2309 4438 2482 4493 ταῦτα
2508 4435 2704 4511 γράφω
2731 4435 2948 4508 μαθὼν,
2973 4434 3058 4489 ὅτι
3082 4436 3117 4507 ἡ
3156 4435 3224 4508 σὴ
3258 4434 3535 4490 θεοσέόεια
3574 4436 3667 4493 λε-

2100 4529 2333 4601 λύπηται
2372 4530 2453 4593 εἰς
2476 4529 2568 4582 τὸν
2595 4525 2884 4581 ὁσιώτατον
2920 4527 3014 4580 καὶ
3053 4526 3462 4596 Θεοφιλέστατον
3507 4528 3667 4582 ἀδελ-
3692 4518 3711 4537 ⁸

2101 4620 2199 4693 φὸν
2224 4619 2380 4693 ἡμῶν
2403 4619 2498 4675 καὶ
2524 4618 2930 4689 συλλειτουργὸν
2958 4618 3251 4675 ἐπίσκοπον
3279 4619 3549 4691 Πρόκλον
3584 4620 3662 4692 μὴ

445 4700 590 4756 clum
618 4701 953 4774 episcopum.
1008 4704 1193 4778 Itaque
1239 4723 1581 4780 nequaquam
1633 4712 1789 4766 velim
1847 4721 1993 4770 tuam

2101 4716 2452 4789 ἀποφευγέτω
2501 4714 2679 4769 τοίνυν
2720 4716 2753 4785 ὴ
2804 4714 2871 4786 σὴ
2916 4713 3191 4768 θεοσέϐεια
3238 4713 3336 4785 τὴν
3388 4713 3523 4785 πρὸς
3569 4712 3664 4767 τὸν

450 4794 698 4860 pietatem
734 4794 917 4868 fugere
943 4798 1377 4856 communionem
1408 4815 1530 4857 cum
1562 4802 1907 4861 sanctissimo
1944 4815 1999 4863 et

450 4884 542 4971 Dei
566 4890 940 4947 amantissimo
970 4889 1163 4949 Proclo
1185 4895 1442 4968 episcopo
1472 4917 1487 4952 :
1515 4898 1780 4971 siquidem
1809 4901 1998 4958 eadem

450 4970 554 5064 l'uit
581 4975 726 5032 illius
756 4980 1052 5049 sanctitati,
1088 4982 1330 5057 mihique
1368 4970 1666 5054 sententia;
1698 5006 1873 5064 neque
1899 4992 2002 5048 hu-

444 5063 536 5212 jtlts
561 5065 980 5173 dispensationis
1009 5074 1204 5134 modus
1237 5080 1488 5150 cuiquam
1519 5063 1860 5153 prudentium
1887 5084 2000 5142 dis-

449 5173 484 5212 υ
505 5171 653 5212 tcutt.

449 5171 653 5228 pucuit.

2099 4808 2387 4863 ὁσιώτατον
2419 4808 2513 4861 καὶ
2533 4804 2940 4875 θεοφιλέστατον
2968 4806 3262 4860 ἐπίσκοπον
3285 4805 3524 4876 Πρόκλον
3547 4822 3663 4859 κοι-

2099 4902 2325 4956 νωνίαν·
2367 4900 2463 4973 μία
2490 4898 2599 4972 γὰρ
2635 4898 2916 4969 γέγονενή
2959 4897 3176 4970 φροντὶς
3218 4896 3341 4968 ἐμοί
3377 4913 3435 4950 τε
3474 4897 3566 4950 καὶ
3592 4897 3660 4968 τῇ

2097 4993 2332 5064 ὁσιότητι
2373 4991 2538 5047 αὐτοῦ
2557 5008 2570 5023 ο
2603 4991 2698 5046 καὶ
2734 4992 2762 5045 ό
2790 4989 2890 5059 τῆς
2918 4989 3226 5060 οἰκονομίας
3260 4988 3457 5062 τρόπος
3484 4988 3661 5043 οὐδενὶ

2099 5084 2207 5139 τῶν
2240 5084 2475 5139 συνετῶν
2506 5085 2805 5159 ἀπήρεσεν.

1986 5293 2113 5354 XX.

1268 5409 1614 5468 Tusopuaues
1645 5411 1700 5465 in
1728 5409 2193 5488 Chrouographia.
2228 5430 2349 5486 pag.
2375 5412 2466 5478 80,
2494 5412 2622 5468 edit.
2666 5412 2841 5467 Paris.

522 5519 636 5576 Sub
655 5531 859 5580 sanctae
884 5530 1158 5585 memoriae
1186 5529 1399 5600 Proclo,
1424 5540 1582 5589 terra:
1613 5545 1796 5591 motus
1825 5533 2003 5591 factus

450 5622 534 5667 est
576 5630 801 5686 magnus
844 5617 1312 5694 Constantinopoli
1354 5640 1451 5695 per
1489 5634 1724 5697 quatuor
1761 5644 1998 5695 menses,

452 5703 525 5758 ita
558 5712 617 5777 ut
654 5706 903 5765 timentes
940 5708 1221 5780 Byzantini
1259 5724 1412 5769 extra
1444 5715 1749 5783 civitatem,
1791 5719 1846 5774 in
1881 5720 2001 5776 loco

437 5796 545 5867 qui
576 5795 777 5853 dicitur
798 5799 1035 5871 Campus
1052 5842 1067 5871 ,
1089 5812 1271 5860 essent
1298 5816 1704 5876 perseverantes
1732 5826 1855 5870 cum
1886 5812 2002 5883 epi-

2187 5533 2311 5590 Ἐπὶ
2340 5532 2433 5586 τοῦ
2474 5533 2532 5585 ὲν
2581 5531 2756 5601 ἁγίοις
2794 5530 3036 5602 Πρόκλου
3081 5527 3298 5602 σεισμὸς
3338 5527 3559 5596 γέγονεν
3601 5526 3663 5581 ἓν

2106 5622 2687 5685 Κωνσταντινουπόλει,
2730 5622 2822 5675 ἐπὶ
2854 5621 2893 5674 δ’
2933 5623 3122 5692 μῆνας,
3162 5619 3300 5673 ὥστε
3337 5617 3663 5688 φοϐηθέντες

2105 5719 2162 5770 οἱι
2189 5715 2468 5779 Βυζάντιοι
2506 5715 2702 5784 ἔφυγον
2733 5712 2835 5778 ἔξω
2859 5713 2959 5784 τῆς
2988 5712 3209 5777 πόλεως,
3237 5712 3296 5763 ἐν
3324 5709 3401 5780 τῷ
3430 5708 3662 5779 λεγομέ-

2107 5828 2178 5882 νῳ
2205 5808 2442 5882 Κάμπῳ,
2487 5807 2579 5863 καὶ
2620 5801 2759 5877 ἦσαν
2798 5802 3209 5876 διημερεύοντες
3244 5800 3380 5873 μετὰ
3416 5799 3509 5856 τοῦ
3540 5803 3660 5856 ἐπι-
