3996 6340
298 382 412 443 θ’ἶό

1497 381 1918 441 TESTIMONIA
1960 382 2312 440 VETERUM.

3424 384 3531 441 οτι

304 502 515 558 σκόπου
560 500 619 555 ὲν
652 499 775 563 ταῖς
811 497 1025 570 δεήσεσι
1073 497 1460 562 λιτανεύοντες.
1513 501 1598 553 Ἐν
1638 502 1736 571 μιᾷ
1778 496 1870 554 οὖν

1984 516 2138 572 scopo
2182 498 2668 571 supplicationibus
2712 513 2776 553 ac
2818 498 3263 570 processionibus
3312 501 3529 557 intenti.

303 592 715 667 κυμαινομένης
739 593 840 664 τῆς
864 592 986 663 γῆς,
1012 591 1108 645 καὶ
1134 592 1331 655 παντὸς
1358 591 1452 644 τοῦ
1479 590 1610 644 λαοῦ
1641 592 1869 663 κράζον-

302 705 398 751 τος
417 685 499 751 τὸ,
514 687 708 753 Κύριε,
724 683 1003 751 ἐλέησον,
1030 682 1284 748 ἐκτενῶς,
1303 683 1429 753 περὶ
1448 682 1597 755 ὥραν
1618 689 1666 751 γ’
1697 683 1869 752 ἄφνω,

306 779 527 834 πάντων
558 776 829 849 δρώντων,
867 774 1064 846 συνέϐη
1094 774 1197 828 ὑπὸ
1225 775 1375 838 Θείας
1398 775 1678 844 δυνάμεως
1704 774 1874 845 ἀρθῆ-

303 871 397 926 val
427 887 551 924 τινα
585 868 861 924 νεανίσκον
898 868 977 933 εἰς
1009 867 1100 921 τὸν
1126 868 1283 940 ἀέρα,
1326 867 1422 920 καὶ
1454 868 1682 922 ἀκοῦσαι
1725 869 1874 933 θείας

306 961 497 1033 φωνῆς
525 958 938 1033 παρεγγυούσης
961 958 1142 1022 αὐτὸν,
1164 959 1478 1027 ἀναγγεῖλαι
1496 959 1572 1030 τῷ
1593 961 1874 1032 ἐπισκόπῳ

307 1056 405 1110 καὶ
439 1052 519 1125 τῷ
556 1051 671 1122 λαῷ
710 1049 1012 1105 λιτανεύειν
1053 1049 1198 1104 οὕτω
1236 1051 1329 1105 καὶ
1362 1049 1541 1119 λέγειν
1564 1066 1579 1083 ο
1616 1053 1806 1121 Ἄγιος
1840 1055 1873 1106 ό

304 1146 478 1212 Θεὸς,
508 1144 676 1214 ἅγιος
728 1144 976 1213 ἰσχυρὸς
993 1182 1009 1207 ,
1047 1142 1214 1211 ἅγιος
1263 1142 1576 1208 ἀθάνατος,
1614 1142 1875 1211 ἐλέησον

306 1236 494 1308 ἡμᾶς’
534 1235 701 1307 μηδὲν
732 1235 914 1306 ἕτερον
958 1232 1365 1305 προστιθέντας.
1415 1233 1473 1287 '0
1509 1232 1569 1286 δὲ
1606 1235 1665 1288 ὲν
1697 1233 1873 1303 ἁγίοις

306 1328 548 1402 Πρόκλος
574 1326 776 1397 ταύτην
804 1325 1091 1396 δεξάμενος
1120 1323 1216 1397 τὴν
1247 1325 1542 1394 ἀπόφασιν,
1574 1323 1872 1397 ἐπέτρεψεν

304 1419 388 1491 τῷ
416 1418 529 1490 λαῷ
548 1417 770 1489 ψάλλειν
796 1415 938 1470 οὕτω
955 1432 970 1447 ·
996 1416 1089 1470 καὶ
1111 1415 1311 1480 εὐθέως
1333 1415 1544 1487 ἀπέστη
1568 1417 1597 1469 6
1627 1416 1869 1489 σεισμός.

314 1507 383 1566 Ἦ
420 1512 478 1566 δὲ
526 1508 767 1584 μακαρία
815 1508 1148 1581 Πουλχερία,
1192 1509 1285 1562 καὶ
1320 1510 1349 1562 6
1396 1510 1599 1581 ταύτης
1649 1508 1875 1579 ἀδελφὸς

304 1602 776 1678 ὖπεραγασθὶντες
798 1600 876 1673 τῷ
908 1600 1167 1673 θαύματι,
1195 1599 1487 1655 ὲθέσπισαν
1525 1600 1664 1655 κατὰ
1693 1601 1873 1656 πᾶσαν

301 1695 402 1767 τὴν
436 1694 786 1766 οἰκουμένην,
830 1693 922 1747 τὸν
955 1692 1097 1748 θεῖον
1126 1692 1313 1747 τοῦτον
1341 1691 1641 1762 ψάλλεσθαι
1682 1690 1870 1765 ὕμνον.

305 1789 416 1841 Καὶ
460 1788 567 1841 ἀπὺ
592 1787 713 1840 τότε
745 1784 1054 1858 παρέλαϐον
1092 1786 1264 1839 πᾶσαι
1291 1784 1347 1839 αἱ
1395 1783 1713 1856 Ἐκκλησίαι
1750 1783 1872 1838 καθ’

304 1881 543 1954 ἑκάστην
576 1880 788 1953 ἡμέραν
820 1879 968 1952 ᾄδειν
992 1877 1153 1933 αὐτὸν
1177 1875 1256 1949 τῷ
1281 1876 1421 1949 Θεῷ.

1973 590 2215 659 Quadam
2253 606 2382 662 ergo
2420 590 2507 646 die
2544 589 2840 645 fluctuante
2873 600 3041 653 terra,
3087 599 3141 647 et
3189 594 3335 647 omni
3378 597 3536 664 probe

1970 684 2230 738 attentius
2267 682 2643 737 exclamante:
2678 679 2865 753 Kyrie,
2887 682 3118 748 eleison;
3160 685 3302 739 circa
3338 685 3534 740 horam

1969 779 2042 827 te.
2057 772 2185 825 tiam
2207 810 2222 834 ,
2251 773 2505 828 omnibus
2546 772 2872 837 videntibus,
2899 774 3128 844 contigit
3154 790 3184 828 a
3214 775 3398 830 divina
3421 776 3534 829 vir-

1970 871 2083 919 tute
2109 864 2323 918 sustolli
2351 864 2638 934 quemdam
2666 864 3131 919 adolescentulum
3160 866 3214 920 in
3241 881 3416 922 aerem
3440 907 3455 928 .
3479 876 3536 923 et

1970 956 2147 1010 audiri
2175 956 2414 1010 divinam
2446 971 2631 1011 vocem
2657 957 2704 1010 ei
2739 956 3157 1026 praecipientem,
3182 958 3442 1028 episcopo
3469 973 3535 1013 ac

1970 1050 2172 1120 populo
2201 1047 2473 1113 nuntiare,
2506 1056 2565 1103 ut
2596 1049 2817 1104 litanias
2863 1048 2943 1104 sic
2988 1047 3254 1113 facerent,
3300 1058 3354 1106 et
3385 1052 3537 1105 dice-

1968 1148 2131 1198 rent:
2164 1139 2390 1195 Sanctus
2416 1139 2577 1205 Deus,
2608 1148 2823 1195 sanctus
2856 1140 3034 1210 fortis,
3071 1152 3288 1195 sanctus
3321 1142 3539 1196 immor-

1970 1231 2120 1295 talis,
2152 1232 2393 1287 miserere
2422 1231 2569 1285 nobis
2582 1246 2602 1295 ,'
2636 1230 2773 1285 nihil
2810 1232 2956 1285 aliud
3000 1240 3358 1302 apponentes.
3397 1230 3539 1285 Sun-

1970 1330 2092 1379 ctus
2116 1333 2297 1378 autem
2326 1321 2575 1386 Proclus,
2610 1323 2713 1377 hac
2738 1332 2989 1393 suscepta
3021 1323 3310 1387 sententia,
3337 1337 3540 1393 praece-

1972 1415 2052 1487 pit
2078 1415 2279 1487 populo
2301 1415 2382 1471 sic
2410 1416 2677 1486 psallere;
2708 1424 2763 1470 et
2796 1416 2979 1470 statim
3011 1423 3172 1470 terra!
3206 1425 3384 1470 motus
3420 1428 3541 1470 ces-

1972 1509 2130 1565 savit.
2164 1507 2335 1563 Porro
2362 1509 2518 1564 beata
2556 1508 2841 1565 Pulcheria
2864 1509 2932 1564 de
2966 1508 3234 1564 miraculo
3270 1523 3394 1564 cum
3420 1508 3543 1577 ejus

1972 1600 2140 1656 fratre
2192 1614 2356 1669 supra
2413 1601 2635 1655 modum
2686 1600 2990 1665 admirata,
3038 1600 3219 1657 sanxit
3262 1615 3358 1672 per
3412 1598 3545 1654 uni-

1972 1706 2189 1746 versum
2232 1690 2420 1746 orbem
2468 1701 2738 1748 terrarum
2782 1692 3027 1749 divinum
3065 1692 3348 1749 decantari
3393 1692 3541 1747 hunc

1975 1782 2259 1853 hymnum.
2305 1779 2369 1836 Et
2402 1790 2533 1838 tunc
2573 1792 2895 1856 receperunt
2929 1800 3122 1842 omnes
3152 1783 3411 1841 Ecclesia:
3445 1797 3542 1855 per

1906 1873 1950 1928 Β
1977 1875 2224 1946 singulos
2254 1874 2374 1931 dies
2406 1874 2551 1931 hunc
2579 1890 2779 1932 canere
2808 1875 2940 1932 Deo.

1846 1993 2003 2054 XXI.

1368 2118 1608 2175 Pnorws
1642 2117 1903 2176 Biblioth.
1943 2117 2061 2173 cod.
2102 2134 2217 2182 Lm,
2246 2132 2368 2189 pag.
2401 2117 2493 2173 45.

388 2237 631 2310 Ἔγραψε
666 2233 723 2289 δὲ
756 2234 854 2308 τὴν
890 2235 1009 2290 κατ’
1038 2232 1201 2290 αὑτοῦ
1240 2232 1447 2305 ψῆφον,
1496 2234 1633 2307 πρὸς
1681 2234 1876 2288 Οὐολο-

311 2335 495 2391 σιανὸν
520 2326 708 2405 (οὗτος
743 2327 812 2401 ἦν
852 2328 995 2393 θεῖος
1035 2327 1135 2399 τῆς
1168 2327 1325 2398 ἁγίας
1361 2327 1604 2400 Μελένης
1638 2325 1879 2398 Ἐλληνό-

308 2445 461 2501 φρων
482 2441 496 2457 ·
530 2426 588 2477 ὲν
625 2420 791 2493 δὲ,τῷ
824 2418 1213 2492 ἀποθνήσκειν,
1242 2417 1608 2490 μεταθέμενος
1642 2418 1777 2490 πρὸς
1817 2417 1879 2470 τὸ

308 2515 605 2592 ὀρθόδοξον,
649 2514 743 2567 καὶ
780 2512 1068 2581 φωτισθεὶς
1115 2509 1263 2583 παρὰ
1309 2508 1403 2594 τιοῦ
1448 2509 1603 2578 ἁγίου
1636 2508 1878 2581 Πρόκλου

309 2604 958 2668 Κωνσταντινουπόλεως·
1014 2602 1179 2656 αὐτοῦ
1231 2601 1340 2673 γὰρ
1392 2601 1588 2673 εὑρέθη
1638 2599 1879 2673 πρέσϐυς

308 2699 663 2764 ἀποσταλείςο
690 2698 779 2752 ὅτε
818 2697 914 2751 καὶ⁵
941 2697 1008 2768 τῇ
1043 2695 1173 2767 ἁγίᾳ
1208 2697 1455 2767 ἐνέτυχεν
1485 2692 1544 2759 ἐξ
1587 2691 1881 2764 Ἰεροσολύ-

310 2814 428 2867 μων
462 2789 840 2861 καταλαϐούσῃ
865 2787 964 2861 τὴν
1005 2787 1251 2860 βασιλίδα
1288 2787 1396 2841 τῶν
1427 2786 1667 2850 πόλεων)
1704 2786 1876 2859 ἔπαρ-

312 2902 402 2956 χον
428 2883 656 2948 πόλεως.

2054 2230 2289 2303 Scripsit
2314 2239 2491 2286 autem
2519 2230 2949 2303 (Constantius)
2980 2239 3169 2287 contra
3199 2231 3374 2301 ipsum
3405 2229 3549 2303 (Ca:-

1982 2321 2241 2395 lestium)
2288 2323 2564 2378 decretum
2626 2322 2701 2379 ad
2735 2321 3093 2379 Volusianum
3146 2322 3297 2379 urbis
3350 2321 3546 2393 praefe-

1982 2424 2130 2471 ctum
2163 2436 2177 2471 :
2208 2415 2302 2487 qui
2331 2414 2549 2486 quidem
2573 2412 2907 2470 Volusianus
2930 2422 3048 2471 erat
3073 2421 3275 2471 sancta:
3307 2413 3548 2470 Melaniae

1984 2516 2212 2577 patruus
2240 2521 2271 2561 e
2296 2505 2575 2576 gentilium
2611 2514 2782 2560 secta.
2813 2504 2882 2558 At
2912 2504 3042 2560 dum
3075 2520 3199 2561 cum
3232 2504 3548 2561 Constanti-

1981 2596 2164 2667 nopoli
2190 2597 2475 2667 legationis
2503 2595 2679 2652 oﬂlcio
2719 2596 3031 2667 fungentem
3069 2612 3217 2653 mors
3249 2597 3548 2661 invaderet,

1983 2686 2050 2740 ad
2076 2686 2432 2741 orthodoxam
2466 2686 2624 2742 [idem
2659 2688 2909 2753 transiit,
2945 2688 3362 2759 baptizatusque
3402 2695 3485 2744 est
3518 2703 3548 2741 a

1984 2789 2175 2837 sancto
2209 2780 2403 2836 l’roclo
2436 2781 3046 2852 ConstantinOpolitano
3096 2783 3377 2857 episcOpo.
3429 2781 3552 2853 Quo

1984 2874 2111 2930 item
2151 2882 2393 2944 tempore
2427 2881 2617 2929 sancta
2657 2874 2749 2928 illa
2781 2875 2978 2932 mulier
3004 2891 3036 2933 e
3074 2874 3466 2949 Hierosolymis
3492 2879 3550 2932 in

1984 2962 2189 3033 regiam
2225 2961 2412 3018 urbem
2445 2962 2682 3019 advenit.

1835 3081 2020 3141 XXII.

1047 3209 1320 3266 Geoncws
1352 3205 1638 3263 CEDRENUS
1664 3203 1807 3261 Hist.
1830 3203 2127 3277 Compend.
2166 3213 2291 3259 tam.
2324 3203 2365 3272 Ι,
2397 3221 2523 3277 pag.
2546 3205 2671 3272 270,
2704 3206 2828 3262 271.

379 3321 472 3395 Τῷ
516 3330 599 3394 κη’
646 3321 753 3377 ἔτει
791 3362 804 3376 .
850 3360 864 3376 .
921 3362 935 3378 .

314 3416 554 3489 Πρόκλος
575 3419 603 3470 6
623 3414 922 3485 ἅγιὼτατος
942 3415 1240 3477 ἐπίσκοπος
1267 3410 1891 3475 Κωνσταντινουπόλεως

315 3507 740 3579 προχειρίζεται,
769 3507 827 3571 ὃς
859 3507 920 3561 τὸ
940 3505 1034 3559 τοῦ
1064 3505 1451 3578 Χρυσοστόμου
1479 3503 1728 3577 λείψανον
1758 3504 1890 3557 ἀνα-

316 3597 531 3669 κομίζει
573 3598 651 3670 τῷ
678 3598 721 3651 λ’
761 3599 869 3652 ἔτει
913 3600 1012 3669 τῆς
1044 3597 1323 3668 βασιλείας
1350 3595 1655 3663 Θεοδοσίου,
1688 3597 1782 3649 καὶ
1813 3597 1893 3659 είς

316 3688 430 3743 τῶν
460 3688 627 3757 ἁγίων
657 3688 994 3742 Ἀποστόλων
1013 3688 1301 3758 ἁποτίθησι
1332 3686 1477 3753 ναὸν,
1507 3706 1560 3741 κ.
1589 3705 1638 3741 τ.
1664 3686 1712 3741 λ.

387 3781 477 3854 Τῷ
504 3781 579 3834 λθ¹
615 3781 726 3835 ἔτει
756 3780 1023 3852 Κύριλλος
1068 3778 1490 3853 Ἀλεξανδρείας,
1524 3781 1615 3835 καὶ
1648 3780 1889 3853 Πρόκλος

321 3873 959 3941 Κωνσταντινουπὸλεως,
990 3873 1227 3938 εὐσεϐῶς
1249 3872 1641 3945 ἐκοιμήθησαν.

981 3362 996 3377 .
1035 3323 1458 3394 τελευτήσαντος
1504 3320 1877 3393 Μαξιμιανοῦ,

2051 3319 2208 3375 Anno
2238 3336 2410 3376 xxvnt
2435 3321 2767 3378 Maximiano
2792 3324 2904 3378 vita
2935 3322 3144 3389 functo,
3171 3324 3557 3382 sanctissimus

1991 3412 2216 3469 Proclus
2264 3413 2556 3484 episc0pus
2594 3414 3235 3487 ConstantinOpolitanus
3276 3420 3553 3491 deligitur.

1989 3514 2044 3561 et
2074 3506 2363 3560 ordinatur
2391 3525 2405 3561 :
2438 3506 2595 3576 isque
2623 3507 2881 3579 reliquias
2909 3508 3285 3581 Chrysostomi
3313 3521 3556 3583 reporta-

1990 3597 2068 3653 vit
2098 3611 2244 3651 anno
2285 3613 2390 3651 xxx
2417 3598 2763 3668 imperatoris
2803 3598 3117 3669 Theodosii,
3153 3602 3315 3673 inque
3356 3605 3557 3676 templo

1993 3689 2377 3761 Apostolorum
2401 3691 2672 3761 deposuit,
2706 3703 2811 3749 etc.

2062 3783 2219 3839 Anno
2245 3800 2410 3838 xxxix
2434 3782 2670 3856 Cyrillus
2705 3786 3045 3842 Alexandria:
3077 3795 3131 3842 et
3162 3788 3389 3846 Proclus
3411 3789 3558 3846 Con-

1997 3876 2379 3947 stantinopolis
2408 3876 2673 3947 episcopi,
2708 3878 2795 3947 pie
2830 3877 2938 3932 vita
2969 3877 3217 3935 defuncti
3248 3891 3392 3937 sunt.

1846 3991 2060 4052 XXIII.

1290 4113 1525 4169 Joannes
1556 4114 1805 4170 Zomnss
1835 4116 2034 4171 Annal.
2065 4130 2192 4175 tam.
2234 4118 2302 4183 ll,
2330 4135 2453 4190 pag.
2489 4120 2580 4175 55.

391 4233 548 4288 Μετὰ
564 4231 654 4286 τὸν
672 4232 1013 4303 Μαξιμιανὸν
1035 4233 1127 4285 ἐπὶ
1145 4230 1346 4285 διετίαν
1367 4230 1888 4303 ἀρχιερατεύσαντα,

322 4328 581 4404 Πρόκλος,
622 4327 653 4380 6
678 4326 773 4380 τοῦ
808 4328 1198 4400 Χρυσοπόμου
1237 4326 1514 4398 μαθητὴς.
1548 4323 1895 4400 πατριάρχης

325 4421 738 4495 προεχειρίσθη·
773 4422 879 4493 ὑπὸ
925 4420 1184 4475 Σισιννίου
1231 4421 1568 4493 πατριάρχου
1600 4420 1896 4484 ἐπίσκοπος

323 4517 564 4582 Κυζίκου
598 4514 788 4588 πρώην
820 4513 1238 4587 χειροτονηθεὶς,
1283 4514 1357 4586 μὴ
1399 4514 1609 4586 δεχθεὶς
1647 4514 1704 4569 δὲ
1746 4513 1897 4587 παρὰ

323 4608 434 4662 τῶν
464 4609 581 4661 ἐκεῖ
614 4607 799 4679 ἕτερον
833 4604 1102 4676 ἑλομένων
1136 4606 1418 4678 ἀρχιερέα,
1453 4607 1548 4659 καὶ
1572 4606 1663 4660 τὸν
1693 4605 1895 4677 μεταξὺ

325 4699 516 4771 χρόνον
552 4696 847 4770 σχολάζων.
878 4690 1047 4761 Οὗτος
1074 4697 1253 4752 τοίνυν
1287 4695 1363 4768 τῷ
1398 4698 1573 4770 θρόνῳ
1607 4698 1705 4770 τῆς
1744 4699 1897 4751 Κων-
1927 4679 1971 4736 θ

328 4788 818 4854 σταντινουπόλεως
844 4787 1205 4862 ὲνθρονισθεὶς
1225 4827 1240 4853 ,
1271 4788 1418 4854 ἀξιοῖ
1444 4790 1536 4843 τὸν
1564 4788 1807 4860 βασιλέα,
1837 4788 1899 4844 τὸ

329 4880 621 4952 ἱερώτατον
671 4880 767 4935 τοῦ
821 4879 1207 4952 Χρυσοστόμου
1259 4879 1419 4953 σῶμα
1464 4882 1528 4936 ὲκ
1576 4880 1900 4946 Πιτυοῦντος

329 4973 780 5044 ἀνακομισθῆναι,
810 4974 903 5028 καὶ
938 4973 1013 5046 μὴ
1040 4973 1222 5045 μένειν
1250 4973 1346 5027 καὶ
1375 4971 1609 5028 θανόντα
1636 4973 1727 5027 τὸν
1755 4973 1907 5043 ἅγιον

331 5064 905 5137 ύπερόριον.Πείθεται
926 5064 1101 5137 τούτῳ
1118 5065 1147 5119 6
1171 5063 1441 5135 βασιλεὺς,
1468 5065 1560 5118 καὶ
1586 5056 1911 5137 ἀνακομίζε-

331 5174 426 5212 ται
451 5159 479 5211 6
497 5156 589 5212 τοῦ
614 5158 769 5228 ἁγίου
798 5158 989 5229 νεκρός
1004 5174 1020 5189 ’
1058 5156 1152 5212 καὶ
1175 5155 1491 5227 ὑποδέχεται
1512 5157 1622 5212 τῶν
1645 5157 1912 5231 ὑπερσαλο

332 5252 531 5324 λούσης
564 5252 733 5324 τιμῆς
751 5291 767 5315 ,
796 5252 893 5306 καὶ
924 5250 1272 5307 κατατίθεται
1306 5250 1457 5315 ἐντὸς
1482 5250 1579 5304 τοῦ
1605 5250 1909 5323 ίθυσιαστη-

339 5346 455 5420 ρίου
479 5345 574 5401 τοῦ
598 5343 706 5399 τῶν
734 5344 896 5400 ὁσίων
933 5342 1273 5399 ’Δποστόλων
1304 5341 1650 5415 περιωνύμου
1683 5342 1837 5399 ναοῦ.

2063 4233 2193 4290 Post
2221 4235 2605 4292 Maximianum
2625 4279 2640 4304 ,
2682 4238 2999 4308 pontificatu
3030 4240 3249 4298 biennio
3284 4242 3556 4315 functum,

1994 4325 2221 4384 Proclus
2246 4327 2621 4401 Chrysostomi
2651 4330 2953 4403 discipulus
2976 4335 3281 4405 patriarcha
3308 4348 3556 4411 creatur;

1996 4419 2088 4489 qui
2120 4418 2324 4489 pridem
2364 4435 2394 4473 a
2430 4418 2673 4477 Sisinnio
2697 4423 3028 4493 patriarcha,
3061 4424 3244 4499 Cyzici
3270 4430 3561 4502 episcopus

1996 4511 2331 4583 designatus,
2372 4513 2467 4569 sed
2506 4528 2536 4568 a
2571 4514 2874 4587 Cyzicenis,
2912 4518 3007 4588 qui
3047 4520 3211 4576 alium
3251 4523 3559 4596 elegerant,

1999 4623 2106 4662 non
2132 4617 2403 4678 receptus,
2434 4616 2677 4679 tempore
2704 4609 2988 4681 interjecto
3029 4614 3201 4668 otium
3229 4625 3432 4687 egerat.
3461 4618 3561 4674 llic

2000 4703 2165 4773 igitur
2187 4703 2240 4758 in
2263 4705 2391 4761 sede
2411 4703 3012 4778 Constantinopolitana
3035 4717 3308 4778 receptus,
3337 4712 3470 4779 petit
3493 4713 3562 4768 ab

2003 4795 2348 4866 imperatore,
2392 4805 2453 4852 ut
2480 4794 2682 4869 corpus
2711 4799 2883 4855 sancti
2909 4799 3281 4871 Chrysostomi
3308 4799 3562 4874 Pityunte

2002 4884 2290 4951 referatur,
2321 4902 2390 4942 ne
2418 4888 2501 4943 vir
2525 4897 2748 4945 sanctus
2774 4897 2892 4958 post
2919 4889 3127 4944 obitum
3155 4890 3318 4947 etiam
3345 4894 3561 4950 exsula-

2004 4987 2105 5033 ret.
2141 4975 2301 5033 Paret
2333 4978 2651 5049 imperator,
2688 4980 3028 5050 relatumque
3056 4984 3229 5039 sancti
3258 4984 3490 5041 cadaver
3509 4997 3562 5044 et

2005 5069 2204 5142 insigni
2255 5084 2381 5126 cum
2436 5072 2642 5128 honore
2685 5083 3021 5144 susceptum,
3064 5076 3208 5132 intra
3263 5078 3564 5136 sacrarium

2005 5163 2187 5234 templi
2217 5163 2374 5235 cujus
2422 5168 2618 5222 nomen
2667 5171 2751 5222 est
2801 5175 3115 5224 sanctorum
3159 5170 3565 5241 Apostolorum,

2004 5256 2275 5313 conditur.

1846 5459 2058 5521 XXIV.

895 5588 1234 5645 Nrcernoaus
1263 5588 1521 5646 CALLIST.
1561 5587 1702 5646 Hist.
1738 5588 1876 5645 eccl.
1912 5588 2004 5644 lib.
2039 5604 2149 5646 xtv.
2180 5604 2300 5660 cap.
2333 5588 2423 5657 29,
2451 5599 2576 5645 tam.
2610 5588 2676 5656 ll,
2700 5605 2825 5663 pag.
2857 5589 2981 5648 50L

410 5705 672 5773 Σισίννιος
723 5705 816 5762 τοῦ
847 5706 1168 5778 Κυζικηνῶν
1204 5708 1465 5781 προέδρου
1498 5708 1783 5775 θανόντος,
1817 5709 1909 5763 τὸν

342 5797 486 5855 θείον
507 5799 750 5875 Πρόκλον
782 5803 850 5873 τῇ
888 5799 1113 5871 Κυζίκῳ
1148 5800 1487 5871 ἐχειροτόνει.
1527 5800 1636 5853 Καὶ
1665 5798 1729 5872 δὴ
1764 5800 1907 5873 Πρό-

2085 5708 2357 5781 Cyziceno
2403 5710 2661 5782 episcopo
2713 5718 2951 5776 mortuo,
3004 5709 3279 5769 Sisinnius
3329 5710 3568 5768 divinum

2014 5798 2268 5856 Proclum
2316 5801 2575 5860 Ecclesiae
2611 5802 2796 5876 Cyzici
2829 5805 3147 5877 episcopum
3196 5801 3434 5862 ordinat.
3466 5800 3573 5859 Sed
