4026 6342
504 345 622 400 i675

1595 348 1666 405 ‘S.
1705 348 2028 404 PROCLUS
2068 348 2173 403 (ΣΡ.
2218 348 2613 407 EPISCOPUS.

3624 351 3731 408 676

503 459 664 513 enim
695 472 819 512 cum
873 456 1123 523 Proclus,
1157 469 1217 513 ut
1271 474 1338 515 eo
1379 461 1670 529 transiret,
1710 463 1764 517 in
1799 464 2077 534 procinctu

2189 466 2293 536 κλῳ
2322 467 2379 517 ἐν
2413 465 2732 536 παρασκευῇ
2765 462 2877 516 ὄντι
2916 463 3041 534 περὶ
3067 462 3233 533 αὐτὴν
3261 465 3476 534 χωρεῖν,
3509 461 3739 533 φθάνου-

514 559 684 613 esset,
735 549 989 607 homines
1021 550 1094 605 ibi
1136 551 1457 623 episcopum
1506 555 1899 624 praevenientes
1931 556 2080 610 ordi-

516 648 718 693 narunt
762 638 1090 695 Dalmatium
1127 642 1446 712 quemdam,
1501 644 1678 698 virum
1716 647 2080 701 venerandum

517 739 575 786 et
597 732 653 787 in
679 733 1003 788 monasticis
1034 733 1314 788 laboribus
1342 736 1723 790 exercitatum.
1754 736 1809 790 ld
1838 737 1914 790 illi
1943 737 2086 793 iece-

519 829 692 889 runt,
740 826 1034 880 sanctione
1081 825 1172 880 illa
1210 834 1522 897 contempla
1562 842 1682 897 quae
1716 837 1910 898 praeter
1954 845 2084 885 sen-

522 919 747 975 tentiam
781 920 1025 990 episcopi
1050 917 1645 990 ConstantinOpolitani
1687 919 2081 977 ordinationem

520 1013 641 1069 ﬁeri
688 1020 853 1067 vetat.
899 1012 1012 1068 Hoc
1046 1012 1137 1066 ubi
1177 1011 1252 1066 ita
1297 1010 1498 1066 factum
1546 1019 1658 1074 est,
1711 1010 1938 1068 Proetus
1977 1028 2083 1067 non

520 1105 891 1176 oppugnavit;
926 1114 979 1159 et
1006 1103 1264 1158 Ecclesia:
1298 1103 1515 1174 quidem
1559 1104 1695 1158 nulli
1749 1105 1978 1174 praefuit,
2028 1106 2085 1160 in

521 1195 1147 1267 Constantinopolitauis
1190 1204 1370 1249 autem
1414 1196 1673 1252 ecclesiis
1716 1197 1960 1252 docendo
1988 1196 2089 1253 ilo-

524 1290 655 1343 ruit.

2182 576 2266 613 σιν
2320 560 2516 611 ἐκεῖνοι
2567 557 2660 611 καὶ¹
2708 556 3096 627 χειροσονοῦσιν
3134 555 3302 627 ἄνδρα
3349 557 3543 626 σεμνόν
3594 573 3738 619 τινα,

2180 650 2486 720 Δαλμάτιον
2512 648 2701 719 ὄνομα,
2726 650 3037 718 ἀσκητικοῖς
3070 646 3250 710 πόνοις
3272 646 3737 719 ἐγγυμνασμὲνον.

2179 742 2291 794 Καὶ
2317 740 2475 793 τοῦτο
2507 739 2693 812 ἔδρων,
2726 741 2787 794 ἐν
2813 739 3047 812 δευτέρῳ
3075 738 3166 792 τὸν
3204 738 3366 810 νόμον
3401 739 3638 810 θέμενοι,
3677 740 3743 804 ὃς

2181 831 2400 885 ἐκέλευε
2434 830 2584 903 παρὰ
2619 829 2842 902 γνώμην
2874 829 2969 884 τοῦ
3000 829 3297 883 ἐπισκόπου
3323 831 3420 900 τῆς
3448 831 3741 884 Κωνσταν-

2180 923 2349 988 τίνου,
2380 922 2711 993 χειροτονίαν
2740 922 2813 994 μὴ
2840 921 3105 991 γίνεσθαι.
3145 921 3204 974 Ὀ
3233 922 3330 993 μὲν
3358 917 3451 976 οὖν
3479 921 3739 992 Πρόκλος,

2176 1015 2366 1069 τούτου
2395 1014 2705 1085 γενομένου,
2735 1014 2854 1069 καθ’
2876 1014 3064 1069 ἐαυτὸν
3090 1013 3462 1068 συνεστέλλετο
3479 1053 3493 1072 ,
3510 1014 3744 1085 Ἐκκλη-

2182 1105 2303 1169 σίας
2334 1105 2429 1175 μὲν
2462 1105 2729 1176 μηδεμιᾶς
2762 1105 3178 1177 προϊστάμενος,
3216 1106 3337 1166 ταῖς
3370 1103 3428 1156 δὲ
3451 1103 3552 1174 τῆς
3585 1105 3743 1159 Κων-

2184 1197 2460 1252 σταντίνου
2485 1198 2797 1269 ἐκκλησίαις
2820 1197 2898 1268 τῷ
2926 1197 3198 1252 διδάσκειν
3221 1196 3417 1252 ἀνθῶν.

1696 1401 1827 1457 loti!
1856 1401 1989 1457 ibid.
2024 1419 2142 1474 cap.
2172 1406 2271 1473 38,
2298 1422 2418 1478 pag.
2451 1405 2575 1462 522.

593 1517 821 1575 Proclus
854 1531 885 1571 a
918 1516 1092 1588 primo
1124 1518 1327 1586 capillo
1368 1519 1800 1589 praeceptoribus
1837 1535 1993 1584 usus,
2027 1521 2083 1575 in

525 1619 640 1667 arte
682 1610 898 1666 dicendi
943 1610 1291 1681 potissimum
1336 1611 1656 1666 elaboravit.
1692 1611 1755 1666 Et
1787 1620 1911 1683 post
1954 1615 2084 1668 ado-

2257 1526 2496 1598 Πρόκλος
2517 1528 2582 1579 ἐκ
2602 1524 2824 1606 πρώτης
2836 1520 3017 1597 τριχὸς
3051 1526 3128 1587 εἰς
3155 1522 3499 1589 διδασκάλους
3525 1525 3745 1594 φοιτῶν,

2191 1617 2483 1690 ῥητορικῆς
2515 1619 2607 1671 ἐπὶ
2638 1616 2886 1671 πλεῖστον
2914 1616 3242 1687 ἐπεμελήθη.
3280 1614 3374 1679 El;
3404 1614 3745 1686 ἀναγνώστου

524 1704 841 1759 lescentiam
894 1710 1165 1766 exactam,
1191 1703 1244 1755 in
1278 1700 1507 1771 juvenili
1556 1703 1842 1757 admodum
1893 1712 2085 1768 aztate,

2190 1710 2245 1763 δὲ
2268 1710 2490 1774 τελέσας
2524 1709 2749 1782 βαθμὸν,
2779 1713 2836 1763 ἐν
2861 1710 2957 1782 νέᾳ
2990 1709 3128 1763 πάνυ
3161 1712 3227 1781 τῇ
3263 1708 3446 1781 ἡλικίᾳ
3470 1726 3485 1739 ⁸
3520 1711 3609 1763 καὶ
3641 1710 3747 1783 ήδη

522 1797 577 1850 in
605 1796 863 1850 lector-um
900 1793 1146 1848 ordinem
1177 1802 1482 1862 coaptatus,
1511 1797 1743 1860 primum
1786 1793 1891 1847 divi
1918 1791 2085 1848 Joan-

521 1886 610 1942 nis
653 1885 1037 1957 Cbrysostomi
1080 1883 1744 1954 Constantinopolitanam
1787 1883 2084 1940 Ecclesiaiu

524 1978 964 2035 administrantis
992 1986 1250 2041 sectator,
1283 1976 1551 2046 librisque
1597 1977 1902 2031 scribendis
1933 1977 2088 2047 adju-

525 2081 632 2135 tor,
676 2078 730 2125 et
779 2068 1029 2138 corporis
1079 2066 1201 2136 ejus
1256 2077 1479 2121 curator
1533 2065 1655 2120 fuit.
1716 2065 1817 2121 Hic
1858 2064 2085 2121 Paulum

316 2158 324 2167 ’
523 2162 716 2217 Joanni
767 2176 965 2232 magno
1008 2159 1063 2213 in
1107 2174 1294 2214 aurem
1324 2158 1682 2224 dictitantem,
1728 2166 1891 2229 atque
1931 2175 2089 2215 arca-

529 2253 736 2306 niorem
778 2250 1136 2321 epistolarum
1192 2264 1416 2303 suarum
1452 2264 1675 2304 sensum
1723 2249 2086 2313 revelantem,

524 2360 620 2415 per
677 2346 847 2397 rimas
897 2350 1252 2413 prospectans
1306 2340 1459 2395 vidit.
1506 2339 1685 2411 Atque
1734 2340 1829 2394 ubi
1888 2340 1977 2395 ille
2033 2341 2087 2395 in

526 2437 719 2491 exsilio
766 2434 936 2499 vixit,
978 2434 1050 2488 ab
1087 2434 1235 2489 illius
1262 2432 1547 2488 aiiectione
1594 2449 1703 2488 non
1737 2432 2087 2499 desciscens,

526 2545 652 2584 cum
701 2528 821 2599 ejus
857 2541 1176 2583 successore
1220 2527 1403 2581 Attico
1434 2527 1692 2599 episc0po
1732 2526 1853 2590 fuit,
1887 2526 2089 2581 oratio-

528 2636 656 2675 num
707 2621 880 2691 ipsius
930 2619 1128 2674 scriba.
1171 2621 1340 2685 Quem
1395 2616 1486 2672 ille
1531 2618 1587 2671 in
1616 2618 1805 2672 divino
1851 2618 1977 2672 vita:
2009 2617 2091 2671 in-

527 2714 719 2766 stituto
764 2710 1217 2783 progredientem,
1271 2710 1326 2764 in
1364 2708 1689 2764 diaconatus
1707 2710 1950 2780 ~gradum
1976 2725 2093 2765 sus—

530 2807 671 2861 tulit.
704 2804 907 2859 Deinde
956 2819 1086 2859 vero
1119 2818 1242 2857 cum
1282 2802 1337 2856 in
1364 2802 1803 2873 presbyterorum
1833 2802 2089 2857 cathedra

525 2894 813 2950 Dominum
850 2894 1114 2958 laudaret,
1170 2908 1201 2947 a
1252 2891 1495 2947 Sisinnio
1527 2891 1783 2948 Ecclesiae
1813 2892 2092 2964 Cyzicena:

528 2984 846 3058 designatus
893 2993 977 3042 est
1018 2985 1272 3040 antistes.
1300 2982 1488 3055 Longo
1518 2999 1646 3039 vero
1676 2992 1917 3055 tempore
1968 2993 2092 3054 post

2195 1802 2550 1873 παραμείψας
2610 1802 2699 1855 τὸν
2757 1801 3030 1873 μείρακα,
3085 1799 3275 1871 πρῶτα
3328 1800 3425 1870 μὲν
3480 1799 3557 1871 τῷ
3616 1801 3749 1872 θείῳ

2198 1890 2419 1963 Ἰωάννῃ
2449 1890 2525 1962 τῷ
2548 1889 2916 1962 Χρυσοστόμῳ
2962 1888 3311 1960 ἳεραρχοῦντι
3340 1886 3437 1957 τῆς
3462 1887 3754 1941 Κωνσταν-

2187 1983 2332 2037 τίνου
2366 1981 2681 2054 παρείπετο,
2718 1979 2987 2052 ὑπουργὸς
3027 1979 3172 2049 αὐτῷ
3200 1979 3293 2032 καὶ⁵
3338 1978 3595 2050 συνεργὸς
3637 1977 3750 2031 τῶν

2188 2073 2362 2143 λόγων
2389 2072 2691 2144 γινόμενος,
2723 2073 2816 2127 καὶ
2833 2072 2933 2142 ὅση
2968 2072 3125 2142 χρεία
3152 2069 3246 2124 τοῦ
3277 2068 3525 2142 σώματος
3553 2071 3753 2142 ἐκείνῳ

2189 2167 2492 2238 γινόμενος.
2519 2159 2686 2229 Οὗτος
2714 2164 2771 2217 δὲ
2793 2164 2888 2219 καὶ
2909 2162 3104 2234 Παύλῳ
3132 2161 3267 2235 πρὸς
3293 2158 3388 2226 οὖς
3417 2160 3497 2233 τῷ
3531 2162 3752 2234 μεγάλῳ

2198 2260 2422 2332 Ἰωάννῃ
2454 2258 2836 2329 διαλεγομένῳ,
2865 2256 2959 2311 καὶ
2983 2256 3074 2309 τὸν
3101 2254 3227 2309 νοῦν
3259 2254 3366 2309 τῶν
3395 2256 3601 2309 ἐκείνου
3632 2257 3753 2307 ἐπι-

2193 2351 2391 2405 στολῶν
2420 2350 2811 2405 ἐκκαλύπτοντι
2848 2345 3249 2420 μυστικώτερον
3307 2345 3617 2419 ἐνέτυχε,τῇ
3647 2346 3753 2415 τῆς

2190 2443 2403 2517 θυρίδος
2430 2442 2800 2516 παρακύπτων
2819 2442 2949 2513 ὁπῇ.
2978 2439 3132 2494 Ἐπεὶ
3152 2439 3197 2493 δ’
3230 2441 3432 2503 ἐκεῖνος
3465 2437 3756 2509 ὑπερόριος

2189 2532 2278 2601 ἦν,
2305 2535 2380 2607 μὴ
2406 2535 2506 2615 τῆς
2535 2535 2743 2589 ἐκείνου
2768 2534 3001 2605 σχέσεως
3026 2531 3285 2597 ἀποστὰς,
3308 2530 3384 2604 τῷ
3411 2532 3526 2602 μετ’
3548 2532 3755 2584 ἐκεῖνον

2190 2627 2474 2698 ἐπισκόπῳ
2508 2623 2738 2695 Ἀττικῷ
2790 2626 2972 2696 συνῆν,
3005 2624 3351 2695 ὑπογραφεὺς
3389 2621 3497 2675 τῶν
3541 2620 3755 2674 ἐκείνου

2191 2719 2363 2788 λόγων
2417 2716 2793 2787 καθεστηκώς.
2834 2717 2932 2769 “Ov
2971 2714 3034 2786 δὴ
3066 2717 3132 2786 τῇ
3167 2711 3307 2768 κατὰ
3349 2712 3481 2766 Θεὸν
3526 2711 3757 2784 προὸαί-

2193 2826 2349 2863 νοντα
2370 2810 2584 2879 ἀγωγῇ,
2632 2807 2726 2861 καὶ
2766 2804 2860 2859 τοῦ
2890 2806 2990 2878 τῆς
3032 2805 3302 2869 διακονίας
3338 2804 3489 2875 ἠξίου
3518 2803 3752 2875 βαθμοῦ.

2196 2902 2424 2954 Ἔπειτα
2454 2900 2511 2953 δὲ
2537 2900 2629 2953 καὶ¹
2656 2902 2713 2953 ἐν
2739 2898 2975 2971 καθέδρᾳ
3003 2894 3386 2969 πρεσϐυτέρων
3418 2896 3635 2958 αἰνέσας
3661 2894 3756 2950 τὸν

2192 2990 2419 3062 Κύριον,
2452 2988 2557 3042 ὑπὸ
2581 2988 2840 3042 Σισιννίου
2872 2989 2970 3060 τῆς
2990 2987 3131 3042 κατὰ
3153 2986 3390 3051 Κύζικον
3434 2987 3758 3057 Ἐκκλησίας

525 3079 1140 3149 (ὶοηεῑειιιίηοροιίιεηαι
1168 3077 1424 3134 Ecclesiae
1467 3077 1818 3148 episcopatus
1854 3077 1904 3131 ei
1941 3092 2088 3131 com-

2192 3081 2499 3155 προεϐλήθη
2553 3082 2847 3152 ἐπισκοπῇ.
2898 3079 3084 3151 Πολλῷ
3128 3080 3186 3134 δὲ
3242 3080 3466 3151 ὕστερον
3510 3080 3605 3132 καὶ
3653 3078 3756 3148 τῆς

527 3173 732 3228 missus
756 3181 860 3226 est.
872 3169 938 3223 Et
953 3170 1097 3240 quod
1115 3170 1360 3227 moribus
1376 3178 1542 3240 atque
1562 3169 1828 3225 institutis
1845 3169 2091 3239 placidus

528 3261 762 3315 maxime
785 3260 870 3314 vir
899 3271 1065 3323 esset,
1112 3275 1451 3331 quaecunque
1487 3260 1540 3314 in
1572 3258 1782 3315 Joanne
1813 3268 1868 3315 et
1912 3259 2093 3315 Attico

528 3353 728 3407 eximia
758 3359 952 3415 erant,
1005 3352 1295 3423 espressit.
1332 3351 1597 3429 Malorum
1643 3351 1933 3406 tolerantia
1984 3350 2093 3406 illis

525 3445 688 3501 etiam
720 3445 970 3509 superior
1008 3444 1132 3500 iuit.
1178 3445 1391 3499 Atticus
1426 3458 1661 3513 namque
1698 3442 1895 3512 saepius
1927 3442 2092 3497 etiam

532 3539 603 3594 iis
632 3538 724 3608 qui
756 3539 811 3593 in
846 3538 948 3593 ﬁde
972 3552 1001 3592 a
1027 3554 1086 3592 se
1112 3553 1224 3591 non
1274 3535 1651 3599 dissentirent,
1685 3536 1945 3592 terribilis
1972 3551 2095 3591 esse

525 3631 679 3687 visus
705 3641 807 3686 est.
834 3630 934 3685 llic
960 3646 1089 3685 vero
1121 3639 1175 3684 et
1204 3645 1332 3701 erga
1367 3628 1512 3697 illos,
1549 3638 1605 3684 et
1637 3631 1690 3684 in
1737 3629 1873 3684 alios
1901 3643 2093 3684 omnes

358 3792 365 3799 θ
479 3797 485 3801 _
528 3722 773 3794 placidus
803 3731 858 3777 et
878 3722 1017 3783 leuis
1045 3721 1338 3777 admodum
1367 3720 1490 3786 fuit,
1515 3721 1887 3777 benevolentia
1912 3721 2093 3792 potius

529 3828 691 3883 quam
720 3813 773 3867 vi
801 3828 898 3868 eos
929 3813 998 3867 ad
1032 3828 1090 3868 se
1126 3816 1442 3883 pertrahere
1466 3812 1522 3867 in
1555 3813 1739 3867 animo
1770 3811 1998 3866 habens.
2028 3812 2095 3867 Et

526 3906 785 3976 quoniam
818 3904 1024 3961 nemini
1053 3905 1338 3961 turbarum
1371 3919 1605 3965 causam:
1626 3904 1877 3976 praebuit,
1910 3903 2095 3959 Eccle-

532 3993 629 4048 siae
659 3994 971 4064 dignitatem
998 3995 1051 4049 in
1073 3992 1411 4049 humanitate
1441 4002 1495 4050 et
1516 3993 1929 4049 mansuetudine
1956 4008 2092 4048 con-

535 4084 844 4150 sistentem,
878 4086 1142 4158 integram
1178 4086 1541 4144 conservavit.
1574 4126 1589 4141 .
1618 4124 1633 4140 .
1656 4084 1765 4142 Iste
1795 4095 1972 4142 autem
1992 4086 2094 4140 Ini-

530 4190 632 4228 nus
673 4178 889 4231 curavit
919 4177 964 4233 si
994 4178 1117 4248 quis
1148 4177 1215 4234 de
1248 4178 1358 4235 Deo
1390 4178 1572 4236 itidem
1604 4186 1664 4234 ut
1698 4178 1814 4250 ipse
1847 4180 2088 4235 sentiret.

480 4274 489 4275 '
530 4264 635 4321 Sed
668 4269 931 4325 doctrinae
960 4271 1163 4341 jugiter
1191 4271 1535 4341 incumbens,
1564 4272 1793 4343 placide,
1830 4289 1942 4329 non
1979 4273 2095 4328 vio-

529 4358 728 4423 lenter,
769 4361 974 4429 plebem
1005 4363 1107 4416 sibi
1135 4361 1395 4418 devinxit.

2193 3172 2602 3227 Κωνσταντίνου
2641 3172 2963 3243 Ἐκκλησίας
2988 3171 3086 3243 τὴν
3116 3170 3416 3242 ἐπισκοπὴν
3443 3169 3759 3243 ἐπετράπη.

2193 3265 2440 3338 Χρηστὸς
2471 3265 2529 3319 δὲ
2554 3266 2628 3318 ὣν
2661 3266 2801 3339 ἀνὴρ
2833 3266 3066 3337 μάλιστα
3094 3265 3234 3319 κατά
3262 3282 3319 3318 τε
3344 3260 3472 3337 ἦθος
3503 3266 3597 3318 καὶ
3630 3263 3759 3335 τρό-

2195 3372 2317 3421 πον,
2341 3356 2438 3409 ὅσα
2455 3355 2516 3409 δὲ
2549 3356 2770 3429 Ἰωάννῃ
2810 3356 2905 3410 καὶ
2947 3354 3174 3426 Ἀττικῷ
3207 3356 3481 3427 προσῆσαν
3517 3354 3753 3427 χρηστὰ,

2193 3443 2519 3516 ἀνεμάξατο.
2557 3445 2902 3512 ’Δνεξίκακος
2949 3445 3004 3498 δὲ
3039 3443 3133 3499 καὶ
3183 3444 3341 3498 πλέον
3384 3445 3524 3516 ἥπερ
3558 3444 3757 3497 ἐκεῖνοι

2193 3537 2428 3605 ἐγένετο.
2474 3537 2715 3602 Ἀττικὸς
2744 3536 2842 3608 μὲν
2876 3538 2984 3609 γὰρ
3025 3536 3280 3601 πολλάκις
3311 3536 3540 3600 καὶτοῖς
3569 3535 3758 3605 διαφό-

2196 3647 2310 3701 ροις
2361 3630 2460 3700 τῆς
2509 3629 2740 3700 πίστεως
2778 3630 3004 3702 φοϐερὸς
3054 3629 3199 3701 μάλα
3249 3629 3441 3684 ἐδόκει.
3485 3623 3653 3691 Οὗτος
3696 3628 3756 3681 δὲ

2194 3721 2469 3787 κάκείνοις
2504 3722 2600 3775 καὶ
2628 3723 2792 3776 πᾶσιν
2821 3723 2981 3792 ἤπιος
3008 3722 3101 3775 καὶ
3156 3721 3432 3795 προσηνὴς
3481 3720 3623 3791 μάλα
3660 3715 3752 3791 ἦν,

2178 3812 2401 3877 ,τούτοις
2444 3812 2645 3884 μᾶλλον
2681 3812 2715 3885 ἦ
2762 3812 2854 3885 βίᾳ
2887 3813 3062 3868 ἕλκειν
3090 3816 3330 3878 ἐκείνους
3357 3811 3753 3884 διανοούμενος.

2192 3903 2397 3975 Μηδενὶ
2423 3904 2535 3976 γὰρ
2577 3904 2821 3976 ταραχῆς
2853 3903 3024 3969 αἴτιος
3068 3904 3365 3968 καταστάς,
3398 3904 3458 3957 τὸ
3496 3904 3594 3973 τῆς
3628 3901 3757 3955 Ἐκ-

2193 3994 2421 4066 κλησίας
2441 3994 2675 4067 ἀξίωμα,
2696 3996 2756 4050 τὸ
2787 3996 3022 4060 ἐπιεικές
3049 4014 3190 4069 φημι
3222 3995 3315 4050 καὶ⁸
3338 3996 3529 4068 πρᾶον,
3561 3993 3755 4063 ἀθιγές

2192 4085 2524 4159 διετήρησεν.
2554 4125 2568 4140 .
2592 4127 2608 4142 .
2635 4127 2652 4140 .
2681 4081 2847 4153 Οὗτος
2873 4087 2930 4142 δὲ
2961 4087 3178 4143 ἔλαττον
3204 4087 3533 4160 ἐφρόντιζεν,
3567 4086 3632 4158 ἢν
3676 4087 3752 4159 μή

2192 4198 2278 4245 τις
2307 4182 2433 4253 περὶ
2453 4180 2588 4235 Θεοῦ
2621 4173 2830 4255 ᾖαὺτῷ
2856 4181 3030 4236 ἐδόκει
3073 4182 3305 4254 ἐφρόνει.
3339 4179 3662 4252 Διδασκαλίᾳ
3694 4180 3752 4233 δὲ

2196 4276 2407 4344 συνεχεῖ
2432 4272 2748 4345 χρώμενος,
2795 4275 2997 4348 ἠρέμα,
3054 4275 3148 4329 καὶ
3200 4275 3259 4328 οὐ
3309 4274 3418 4346 βίᾳ,
3451 4274 3519 4328 τὰ
3571 4273 3750 4346 πλήθη

2194 4368 2521 4439 προσήγετο.

2055 4499 2233 4561 XXV.

1203 4623 1285 4678 Ea:
1313 4625 1404 4679 lib.
1442 4641 1494 4681 tv
1526 4626 1674 4683 luris
1703 4625 2084 4686 Graeco-Rom.
2118 4631 2174 4685 in
2204 4629 2424 4703 Syllaba
2449 4633 2810 4703 episcoporum
2832 4633 3102 4705 Byzantii.

602 4734 827 4793 Proclus
875 4751 903 4790 a
962 4732 1207 4791 Sisinnin
1235 4735 1419 4808 Cyzici
1468 4737 1754 4808 episcopus
1784 4740 2087 4808 ordinatus,

2264 4742 2505 4814 Πρόκλος
2545 4743 2649 4796 ὑπὸ
2706 4744 2968 4799 Σισιννίου
3015 4746 3407 4819 χειροτονηθεὶς
3456 4748 3752 4817 Enim

477 4809 481 4814 ’
530 4837 584 4886 et
613 4845 720 4884 non
761 4828 1055 4893 admissus,
1088 4827 1320 4883 vacavit.
1350 4829 1394 4881 A
1421 4837 1593 4885 morte
1617 4845 1747 4886 vero
1776 4829 2088 4886 Maximiani

532 4921 710 4976 iactus
759 4928 844 4976 est
896 4920 1126 4975 antistes
1183 4918 1713 4987 Constantinopolis,
1766 4938 1892 4978 cum
1943 4923 2088 4981 illius

532 5013 765 5068 cadaver
828 5012 882 5066 in
944 5011 1192 5067 diaeonio
1241 5010 1475 5082 iaceret;
1523 5013 1738 5084 praefuit
1786 5013 2089 5070 sacerdotio

533 5108 708 5176 primo
737 5105 894 5160 annis
924 5120 1019 5161 xu.

2193 4833 2455 4898 Κυζίκου,
2486 4835 2579 4889 καὶ
2619 4835 2693 4906 μὴ
2721 4835 2949 4907 δεχθεὶς,
2981 4838 3258 4907 ἐσχόλασε.
3302 4839 3455 4894 Μετὰ
3484 4840 3541 4894 δὲ
3587 4840 3752 4897 θανά·

2192 4942 2287 4979 του
2318 4924 2655 4996 Μαξιμιανοῦ
2683 4928 2871 4998 γέγονε
2904 4930 3533 4997 Κωνσταντινουπόλεως,
3560 4936 3751 5005 κειμε-

2192 5034 2285 5070 νου
2310 5019 2404 5072 τοῦ
2434 5018 2687 5089 λειψάνου
2734 5021 2899 5075 αὑτοῦ
2928 5024 2987 5075 ἐν
3025 5022 3103 5093 τῷ
3135 5022 3454 5095 διακονικῷο
3493 5026 3752 5100 ἀρχιερα-

2194 5109 2389 5175 τεύσας
2416 5110 2510 5183 ἔτη
2541 5111 2627 5181 ιβ’.

1520 5218 1659 5273 Ibid.
1690 5219 1718 5290 ᾗ
1747 5219 1821 5277 De
1848 5222 2299 5281 translationibus
2333 5228 2736 5299 episcoporum.

604 5329 758 5383 Anno
789 5346 885 5384 xm
913 5330 1257 5400 imperatoris
1277 5329 1567 5385 Theodosii
1598 5330 1841 5387 Junioris
1867 5334 2088 5390 Arcadii

540 5419 657 5483 ﬁlii,
674 5434 901 5489 magnus
925 5423 1013 5477 ille
1039 5421 1264 5477 Proclus
1292 5423 1576 5478 ordinatus
1598 5425 1881 5494 episcopus
1911 5425 2091 5496 Cyzici

537 5524 568 5562 a
599 5508 842 5563 Sisinnio
881 5511 1209 5579 patriarcha,
1241 5527 1347 5566 non
1382 5511 1657 5569 admissus
1695 5513 1749 5567 in
1789 5513 1899 5568 otio
1933 5514 2086 5569 vixit.

539 5598 665 5655 Post
695 5598 1088 5671 depositionem
1125 5618 1256 5658 vero
1286 5604 1548 5668 Nestorii.
1581 5604 1833 5661 decretus
1878 5607 1924 5660 ei
1969 5607 2088 5676 qui-

536 5691 655 5744 dem
674 5696 1016 5762 episcopatus
1041 5692 1703 5766 ConstantinOpolitanus,
1742 5697 1836 5752 sed
1871 5697 1922 5752 in
1950 5698 2086 5754 solio

536 5795 643 5838 non
670 5790 754 5838 est
780 5784 1075 5841 collocatus
1114 5785 1182 5840 ob
1220 5786 1475 5842 invidiam
1504 5788 1814 5858 pontiﬁcum
1854 5790 1946 5859 qui
1987 5805 2087 5858 po-

2269 5339 2356 5391 Ἐν
2383 5337 2567 5408 τῷ-ιγ’
2611 5340 2718 5393 ἔτει
2755 5341 2852 5413 τῆς
2884 5340 3161 5412 βασιλείας
3194 5345 3471 5402 Θεοδοσίου
3506 5349 3599 5403 τοῦ
3644 5350 3749 5407 Μι-

2185 5428 2342 5499 κροῦ,
2362 5429 2455 5482 τοῦ
2480 5429 2609 5483 Υίοῦ
2638 5431 2941 5501 Ἀρκαδίου,
2958 5437 2987 5488 ό
3014 5437 3186 5506 μέγας
3198 5440 3435 5510 Πρόκλος
3450 5440 3752 5511 ἐπίσκοπος

2185 5518 2423 5583 Κυζίκου
2478 5522 2870 5592 χειροτονηθεὶς
2919 5526 3011 5580 ἐπὶ
3062 5529 3325 5584 Σισιννίου
3372 5534 3751 5606 πατριάρχου,

2184 5608 2481 5678 ἐσχόλασε,
2544 5608 2617 5681 μὴ
2673 5611 2902 5682 δεχθείς.
2959 5617 3110 5671 Μετὰ
3162 5619 3218 5672 δὲ
3273 5621 3372 5692 τὴν
3427 5624 3752 5698 καθαίρεσιν

2183 5698 2493 5772 Νεστορίου,
2525 5702 2792 5774 ἐψηφίσθη
2825 5705 2921 5774 μὲν
2961 5708 3601 5784 Κωνσταντινουπόλεως,
3643 5718 3748 5772 οὑκ

2184 5789 2522 5865 ἐνεθρονίσθη
2556 5793 2610 5848 δὲ
2656 5796 2741 5849 διὰ
2780 5796 2968 5868 φθόνον
3010 5800 3117 5854 τῶν
3164 5805 3749 5877 πσριδυναστευόντων
