3996 6340
259 372 369 429 (επ
1440 362 1607 421 TES'I
1625 362 1860 417 ΙΜΟΝΙΑ

1947 358 2248 416 ΕΤΕΒΗΜ.
3375 358 3483 414 678

251 492 373 543 τότε
405 482 723 556 ἀρχιερέων.
756 482 910 536 Μετὰ
938 482 996 536 δὲ
1027 479 1206 547 τοῦτο,
1231 480 1323 534 τοῦ
1355 477 1818 552 χειροτονηθέντος
1848 485 1870 540 Δ

1939 476 2090 529 ,entia
2138 490 2235 530 sua
2289 487 2437 545 nunc
2486 472 2864 527 abolebantur.
2917 471 3121 529 Postea
3160 489 3286 528 vero
3316 491 3482 543 quant

250 575 599 649 Μαξιμιανοῦ
661 574 1113 645 τελευτήσαντος,
1160 574 1241 628 ἔτι
1284 572 1535 644 κειμένου
1583 570 1676 624 τοῦ
1716 569 1825 623 λει-

1939 568 2211 623 πόίηιιιιιε
2235 568 2397 623 isthic
2425 565 2784 620 Maximianus
2810 565 2950 618 diem
2977 568 3221 630 obiisset,
3252 563 3483 622 necdum

249 673 423 742 ψάνου
470 667 668 734 αὐτοῦ,
716 667 1100 739 προσεκλήθη,
1141 668 1236 721 καὶ
1280 663 1623 737 ὲνεθρονίσθη
1673 663 1827 718 Κων-

1939 661 2142 730 sepulto
2188 658 2363 727 ipsius
2397 656 2679 719 cadavere,
2717 656 3011 711 accersitus
3042 666 3149 718 est.
3178 666 3232 712 et
3260 657 3312 711 in
3344 658 3486 713 soiio

256 759 752 822 σταντινουπόλεως
777 797 792 821 ,
852 758 1155 811 συναινέσει
1208 758 1302 811 καὶ
1354 754 1450 809 τοῦ
1500 751 1825 807 Κελεστινου

1939 753 2250 812 :ollocatus.
2304 751 2467 805 etiam
2507 748 2804 803 Caelestino
2837 762 2972 816 papa
3012 746 3259 804 Romano
3298 764 3488 805 assen-

253 854 416 907 πάπα
445 851 685 923 Ῥώμης,
710 849 1015 923 συμψήφων
1036 848 1341 920 γενομένων
1362 846 1450 904 καὶ
1473 844 1567 898 τοῦ
1591 841 1826 915 μεγάλου

1939 843 2115 905 Liente,
2145 856 2207 895 ac
2232 841 2602 910 episcopatum
2641 840 2693 893 ei
2725 838 3148 896 decernentibus
3177 856 3372 911 magno
3396 844 3490 898 illo

254 940 529 1013 Κυρίλλου
562 942 657 995 καὶ
694 940 942 996 Ἰωάννου
978 937 1326 1009 Ἀντιοχείας.

1939 934 2128 1006 Cyrillo
2156 941 2210 988 et
2235 930 2444 987 Joanne
2484 931 2843 986 Antiocheno.

1780 1050 1991 1111 XXVI.

1017 1173 1096 1227 Ea:
1121 1173 1426 1244 Menologio
1451 1170 1763 1227 Graecorum
1785 1169 1979 1225 Basilii
2006 1170 2191 1236 imper.
2215 1176 2355 1236 part.
2392 1183 2428 1229 ι,
2454 1183 2575 1237 pag.
2614 1166 2735 1221 140.

334 1296 411 1366 Τῇ
439 1293 575 1364 αὐτῇ
604 1289 789 1362 ἡμέρᾳ
835 1288 911 1343 κδ’
958 1288 1167 1343 Ὠκτοὸ.
1222 1288 1407 1358 μνήμη
1443 1285 1536 1339 τοῦ
1566 1288 1623 1339 ὲν
1652 1286 1826 1355 ἁγίοις

2005 1282 2209 1338 Eadem
2259 1281 2348 1338 die
2383 1298 2437 1336 ix
2493 1281 2613 1337 Kal.
2662 1280 2798 1338 Nov.
2835 1287 3282 1343 commemoratio
3319 1292 3495 1348 sancti

262 1387 474 1458 Πατρός
517 1384 670 1455 ήμῶν
716 1380 957 1453 Πρόκλου
1000 1380 1336 1451 πατριάρχου
1387 1380 1827 1432 Κωνσταντινου-

1939 1376 2113 1431 Patris
2178 1376 2355 1429 nostri
2407 1372 2582 1429 Procli
2622 1377 2947 1445 patriarcha:
2997 1378 3498 1455 Constantinopoli-

264 1481 492 1543 πόλεως.
532 1477 588 1528 '0
617 1478 674 1528 ὲν
706 1474 884 1543 ἁγίοις
913 1472 1103 1544 Πατὴρ
1128 1471 1284 1543 ήμῶν
1308 1470 1570 1543 Πρόκλος,
1599 1469 1834 1540 εὐλαὸὴς

1939 1470 2065 1523 tani.
2105 1468 2340 1524 Sanctus
2397 1468 2557 1523 Pater
2611 1478 2799 1523 noster
2844 1468 3069 1526 Proclus
3120 1488 3242 1528 cum
3274 1475 3497 1546 pietate.

261 1570 342 1625 ὢν
368 1572 461 1623 καὶ
500 1568 678 1636 σοφὸς,
711 1567 804 1620 καὶ
842 1566 1115 1636 ἐνάρετος,
1146 1562 1525 1635 ἐχειροτονήθη
1558 1561 1708 1633 παρὰ
1735 1559 1829 1614 τοῦ

1939 1557 2203 1628 sapientia
2228 1571 2292 1611 ac
2313 1556 2513 1613 virtute
2532 1566 2677 1612 esset
2708 1559 2960 1630 insignis,
2988 1576 3016 1614 a
3045 1572 3235 1619 sancto
3257 1565 3501 1622 Sisinnio

265 1665 426 1734 ἁγίου
487 1660 751 1715 Σισιννίου
820 1657 1160 1729 πατριάρχου
1211 1654 1830 1717 Κωνσταντινουπόλεως

1939 1648 2242 1720 patriarcha
2302 1647 2909 1720 Constantinopolitano
2965 1653 3144 1724 Cyzici
3207 1657 3529 1729 episcopus

264 1756 562 1818 ἐπίσκοπος
596 1751 853 1817 Κυζίκου.
893 1748 1185 1814 Ἀπελθὼν,
1209 1748 1305 1802 καὶ
1336 1747 1411 1819 μὴ
1441 1747 1649 1818 δεχθεὶς
1680 1745 1829 1817 παρὰ

1933 1749 2148 1797 creatus
2172 1751 2276 1795 est.
2314 1740 2443 1797 Illuc
2477 1741 2849 1812 proﬁciscens,
2885 1761 3006 1800 cum
3032 1762 3063 1801 a
3097 1748 3313 1805 clericis
3345 1749 3498 1824 Cyll-

262 1849 378 1903 τῶν
410 1851 526 1902 ἐκεῖ
557 1845 832 1917 κληρικῶν
870 1843 1158 1915 αἱρετικῶν
1185 1842 1372 1905 ὄντων,
1408 1839 1744 1912 ὑπέστρεψεν
1774 1840 1832 1892 ἐν
1863 1838 1870 1891 l

1939 1833 2106 1895 cenis,
2137 1834 2338 1904 quippe
2360 1833 2450 1903 qui
2484 1834 2725 1891 haeretici
2755 1848 2971 1902 essent,
3004 1856 3112 1895 non
3144 1844 3499 1912 reciperetur.

268 1930 865 1999 Κωνσταντινουπόλει,
914 1936 1005 1988 τὸν
1050 1934 1252 2006 μεταξῦ
1298 1932 1570 2003 σχολάζων
1616 1932 1827 2002 χρόνον.

266 2032 362 2101 καὶ
390 2030 671 2101 προσέχων
697 2025 873 2098 ἐαυτῷ
907 2043 966 2079 τε
1000 2026 1091 2079 καὶ
1113 2027 1180 2099 τῇ
1211 2022 1549 2093 ἀναγνώσει.Δ
1571 2022 1835 2093 Τελευτή-

270 2096 460 2185 σαντος
489 2120 547 2174 δὲ
569 2117 911 2189 Μαξιμιανοῦ
949 2115 1043 2170 τοῦ
1084 2115 1444 2187 πατριάρχου,
1476 2113 1557 2167 ἔτι
1587 2112 1682 2167 τοῦ
1722 2113 1835 2167 λει-

267 2214 443 2282 ψάνου
470 2210 634 2266 αὑτοῦ
662 2209 914 2281 κειμένου
942 2210 999 2262 ἐν
1022 2208 1098 2280 τῷ
1127 2208 1376 2280 ίερατείῳ
1400 2207 1499 2279 τῆς
1532 2207 1838 2278 ἁγιωτάτης

268 2303 365 2358 τοῦ
414 2303 547 2356 Θεοῦ
606 2300 847 2373 μεγάλης
899 2298 1220 2371 ἐκκλησίας,
1277 2297 1680 2369 προχειρίζεται
1738 2313 1842 2349 πα-

265 2397 535 2468 τριάρχης
592 2391 1228 2454 Κωνσταντινουπόλεως.
1294 2391 1405 2445 Καὶ
1474 2387 1837 2462 ὲνθρονίζεται

268 2491 390 2545 κατ’
411 2489 578 2560 αὐτὴν
606 2487 705 2558 τὴν
733 2485 973 2558 μεγάλην
995 2483 1263 2554 ὲῦδομάδα
1283 2484 1340 2536 ἓν
1369 2484 1434 2553 τῇ
1455 2481 1587 2553 ἁγία
1610 2481 1835 2552 Πέμπτῃ

268 2579 364 2633 τοῦ
402 2576 909 2650 σωτηρίου’πάθους
931 2573 1026 2628 τοῦ
1060 2574 1263 2645 Κυρίου
1303 2571 1460 2644 ἡμῶν
1498 2570 1670 2649 Ἰησοῦ
1705 2572 1839 2641 Χρι-

270 2672 424 2725 στοῦ.
458 2672 570 2723 Καὶ
596 2668 777 2731 καλῶς
807 2666 1258 2737 πολιτευσάμενος
1301 2664 1396 2717 καὶ
1428 2664 1564 2734 μετὰ
1592 2662 1691 2733 τὴν
1728 2677 1836 2734 χει-

273 2768 547 2835 ροτονίαν,
590 2763 685 2816 καὶ
723 2760 948 2823 πολλοὺς
1001 2757 1088 2812 διὰ
1139 2758 1237 2829 τῆς
1281 2754 1624 2818 διδασκαλίας
1669 2753 1834 2808 αὐτοῦ

268 2857 578 2928 ὠφελήσας,
598 2854 970 2924 ὲπεσκόπησεν
995 2850 1088 2923 ἔτη
1115 2849 1320 2904 δώδεκα
1345 2848 1439 2903 καὶ
1470 2850 1641 2921 μῆνας
1664 2849 1833 2918 τρεῖς,

268 2948 366 3003 καὶ
392 2945 696 3009 τελειωθεὶς
725 2944 1086 2999 ἀνεπαύσατο.

1936 1924 2467 1995 Constantinopolim
2524 1927 2705 1993 rediit,
2750 1928 2839 1983 ubi
2886 1946 2981 2000 per
3014 1933 3230 2002 aliquod
3285 1943 3499 2007 tempus

1932 2017 2000 2072 ab
2025 2016 2499 2072 administratione
2529 2032 2752 2082 vacans,
2787 2019 2888 2073 sibi
2929 2020 3230 2092 litterisque
3280 2039 3502 2093 operam

1935 2109 2104 2175 dedit,
2142 2108 2319 2180 quoad
2347 2107 2674 2163 Maximiano
2722 2110 3032 2181 patriarcha
3063 2112 3338 2182 defuncto,
3375 2133 3503 2172 cum

1938 2202 2117 2257 adhuc
2149 2201 2381 2258 cadaver
2409 2202 2530 2271 ejus
2582 2202 2638 2256 in
2682 2204 3049 2262 sanctissima:
3080 2215 3134 2262 et
3181 2223 3391 2280 magna:
3413 2226 3493 2267 eo

1939 2295 2119 2349 clesia:
2144 2293 2237 2350 Dei
2269 2296 2514 2351 sacrario
2536 2295 2766 2365 jaceret,
2789 2310 3008 2354 creatur
3032 2303 3338 2371 patriarcha
3364 2304 3505 2360 Con-

1938 2386 2476 2456 stantinopolitanus.
2512 2387 2579 2441 Et
2608 2388 2664 2442 in
2694 2390 2895 2445 throno
2933 2393 3120 2448 eadem
3150 2394 3266 2466 ipsa
3296 2412 3498 2467 magnae

1938 2475 2290 2533 hebdomadas
2328 2488 2519 2535 sancta
2565 2481 2755 2551 quinta
2796 2484 2885 2538 die
2929 2485 3186 2543 salutaris
3233 2491 3501 2558 passionis

1938 2564 2155 2622 Domini
2186 2569 2360 2624 nostri
2388 2569 2517 2626 Jesu
2558 2572 2763 2628 Christi
2792 2576 3110 2633 collocatur.
3146 2578 3212 2633 Et
3239 2582 3332 2652 qui
3380 2583 3499 2654 epi-

1938 2660 2090 2729 scopi
2118 2675 2320 2716 munus
2356 2663 2560 2731 optime
2582 2663 2826 2732 functus,
2875 2674 2984 2721 tam
3015 2669 3068 2724 in
3098 2686 3293 2728 manus
3330 2674 3503 2745 impo-

1940 2748 2160 2815 sitione,
2182 2766 2343 2820 quam
2388 2753 2440 2806 in
2474 2754 2765 2811 multorum
2814 2760 3018 2814 auxilio
3060 2776 3160 2816 sua
3194 2762 3368 2832 ipsius
3412 2766 3500 2821 do-

1939 2840 2138 2905 ctrina,
2182 2857 2306 2896 cum
2346 2845 2576 2900 sedisset
2619 2847 2673 2901 in
2722 2848 3041 2920 episcopatu
3087 2865 3261 2910 annos
3300 2854 3501 2913 duodet

1938 2928 2043 2983 cim
2086 2941 2140 2985 et
2175 2948 2389 2990 menses
2438 2948 2570 3004 tres,
2612 2953 2676 2993 ex
2722 2939 2824 2995 hac
2848 2942 2958 2997 vita
2997 2943 3261 3015 migrans,
3290 2946 3343 3002 in
3373 2963 3509 3018 pace

1938 3036 2160 3095 quievit.

1762 3145 2000 3209 XXVII.

459 3287 541 3340 Ea:
578 3284 889 3355 Menologio
927 3281 1101 3338 Graec.
1139 3280 1290 3335 card.
1325 3279 1536 3346 Sirleti,
1566 3278 1661 3332 sub
1696 3278 1782 3333 die
1832 3293 1963 3333 ntv
1991 3276 2209 3334 Octobr.
2229 3280 2383 3350 Apud
2407 3279 2681 3336 Canisium
2704 3280 3045 3341 inThesaur.
3078 3296 3206 3346 tam.
3237 3287 3334 3356 Ill,
3368 3274 3411 3321 ’τ

1627 3400 1770 3463 part.
1794 3408 1834 3459 ι,
1865 3408 1989 3465 pag.
2018 3392 2145 3450 486.

345 3517 549 3574 Eodem
596 3515 685 3571 die
730 3510 1179 3569 commemoratio
1221 3508 1396 3566 sancti
1434 3506 1614 3564 Patris
1663 3507 1841 3564 nostri
1865 3545 1909 3605 ο
1942 3509 2084 3581 guis,
2112 3525 2235 3564 cum
2280 3524 2454 3566 annos
2484 3510 2768 3567 duodecim
2798 3519 2853 3567 et
2894 3529 3111 3571 menses
3139 3524 3251 3571 tres
3293 3517 3504 3587 episco-

268 3609 454 3668 Procli
496 3608 820 3680 patriarcha:
864 3601 1485 3674 Constantinopolitani:
1528 3601 1621 3671 qui
1654 3616 1837 3656 sacra-

273 3721 397 3761 rum
430 3703 757 3759 Litterarum
798 3699 991 3771 peritia
1034 3706 1089 3755 et
1143 3696 1415 3768 probitate
1444 3709 1656 3750 morum
1701 3694 1836 3749 insi-

1941 3609 2127 3672 patum
2177 3603 2315 3657 bene
2363 3602 2618 3669 rexisset,
2658 3604 2712 3658 in
2743 3618 2877 3675 pace
2916 3606 3168 3678 migravit
3212 3606 3278 3662 ad
3326 3608 3505 3666 Domi-

1943 3710 2072 3748 num

1777 3807 2044 3869 XXVIII.
2478 3874 2481 3879 ,
2880 3844 2913 3886 ,

1136 3935 1221 3990 Ea:
1253 3934 1556 4011 Menologio
1588 3936 1866 4008 Horologii
1899 3935 2099 3998 Graec,
2131 3935 2259 3992 edit.
2296 3934 2475 3991 Venet.
2507 3934 2665 3991 1532.

348 4053 591 4126 Νοεμδρ.
621 4053 672 4117 ι’,
703 4053 996 4125 προεόρτια
1026 4052 1127 4123 τῆς
1159 4055 1217 4107 ὲν
1248 4053 1329 4124 τῷ
1356 4052 1467 4125 ναῷ
1508 4054 1713 4107 εἰσόδου
1739 4053 1839 4123 τῆς

278 4147 578 4221 ὑπεραγίας
599 4145 858 4199 Θεοτόκου
878 4159 893 4175 ⁶
929 4145 1022 4200 καὶ⁸
1047 4144 1142 4199 τοῦ
1164 4147 1222 4198 ὲν
1243 4144 1419 4214 άγίοις
1443 4143 1654 4215 Πατρὸς
1684 4144 1839 4217 ήμῶν

279 4240 526 4313 Πρόκλου
553 4239 982 4311 άρχιεπισκόπου
1016 4237 1659 4301 Κωνσταντινουπόλεως.

363 4330 628 4398 Ἐπαξίως
687 4332 926 4403 σήμερον
984 4329 1342 4402 πανηγυρίζει
1400 4330 1433 4401 ή
1495 4327 1683 4382 πασῶν
1734 4327 1845 4381 τῶν

278 4422 489 4478 πόλεων
525 4423 826 4495 τιμιωτέρα
860 4421 1074 4494 άληθῶς
1106 4425 1165 4477 έν
1197 4424 1265 4494 τῇ
1303 4423 1470 4493 σεπτῇ
1521 4420 1845 4492 μεταστάσει

278 4536 401 4585 σου,
428 4522 610 4589 nat-rep
638 4517 893 4588 Πατέρων
921 4515 1133 4587 Πρόκλε
1166 4515 1317 4585 σοφέ.

2014 4050 2113 4108 Die
2158 4069 2192 4107 ι
2244 4050 2600 4115 Novembris,
2652 4050 2953 4122 profestum
3000 4052 3278 4121 ingressus
3320 4067 3503 4110 sacro-

1944 4154 2149 4202 sancta:
2181 4144 2272 4200 Dei
2303 4144 2597 4200 Genitricis
2626 4144 2679 4199 in
2718 4145 3000 4215 templum,
3041 4152 3095 4200 et
3126 4149 3299 4201 sancti
3328 4147 3506 4205 Patris

1945 4235 2119 4290 nostri
2157 4233 2329 4289 Procli
2360 4235 2756 4305 archiepiscopi
2781 4235 3389 4308 Constantinopolitani.

2014 4325 2208 4382 Merito
2246 4327 2406 4381 hodie
2455 4327 2722 4382 celebrem
2770 4340 3098 4383 conventum
3153 4329 3264 4400 agit
3311 4331 3368 4386 in
3409 4339 3506 4388 tuo

1944 4420 2241 4475 venerabili
2284 4420 2542 4484 transitu,
2578 4421 2691 4475 hazc
2731 4437 2852 4492 quae
2877 4438 3001 4478 vere
3027 4433 3240 4479 caeteris
3286 4435 3507 4496 praestat

1948 4510 2194 4578 urbibus,
2230 4525 2264 4565 ο
2292 4509 2454 4566 Pater
2473 4510 2697 4567 Patrum
2722 4514 3124 4584 sapientissime
3148 4515 3364 4574 Procle.

1776 4632 1987 4693 XXIX.

1286 4757 1370 4812 Ea:
1400 4758 1699 4831 Menologio
1725 4758 1922 4828 Graec,
1949 4760 2080 4816 edit.
2121 4758 2301 4816 Venet.
2330 4761 2485 4817 1551.

346 4873 430 4946 Τῇ
460 4873 539 4928 κε’
566 4874 749 4946 ἡμέρᾳ
779 4873 1049 4945 Σεπτεμσ.
1091 4873 1184 4927 ἐπὶ
1212 4874 1311 4944 τῆς
1341 4872 1615 4944 βασιλείας
1659 4873 1845 4929 Θεοδο-

2018 4875 2114 4933 Die
2153 4891 2259 4931 xxv
2306 4873 2673 4946 Septembris,
2715 4876 3017 4945 imperante
3062 4872 3369 4931 Theodosio
3409 4872 3504 4934 Ju-

275 4967 396 5023 σίου
440 4965 534 5020 τοῦ
566 4966 741 5032 Νέου,
780 4965 886 5038 πρὸ
926 4964 1028 5036 τῆς
1078 4965 1450 5027 ’Δναστάσεως
1484 4964 1582 5037 τὴν
1632 4964 1844 5037 ἡμέραν

274 5059 470 5128 γέγονε
524 5057 746 5128 σεισμὸς
779 5057 1038 5130 φοϐερός·
1096 5057 1190 5112 καὶ
1235 5056 1323 5110 διὰ
1370 5056 1528 5110 τοῦτο
1575 5056 1672 5110 τοῦ
1716 5057 1843 5112 λαοῦ

276 5146 479 5211 παντὸς
506 5148 602 5201 σὺν
625 5146 703 5217 τῷ
739 5146 948 5217 βασιλεῖ
968 5146 1231 5218 Θεοδοσίῳ
1264 5150 1358 5200 καὶ
1385 5146 1612 5218 Πρόκλῳ
1635 5145 1715 5217 τῷ
1745 5164 1849 5200 πα-

272 5240 535 5314 τριάρχῃ.
575 5238 713 5310 μετὰ
745 5240 943 5304 παντὸς
987 5237 1081 5293 τοῦ
1107 5240 1208 5311 τῆς
1250 5239 1583 5311 Ἐκκλησίας
1629 5238 1848 5312 πληρώ-

254 5348 474 5405 ¹μικτος,
499 5334 592 5387 καὶ
630 5332 810 5406 πάσης
837 5333 937 5405 τῆς
969 5332 1176 5397 πόλεως
1209 5332 1313 5399 ἔξω
1349 5332 1732 5385 λιτανευόντων
1760 5331 1848 5384 διὰ

252 5424 371 5499 ..τὸν
396 5425 559 5493 φόϐον
591 5426 648 5479 ὲν
685 5426 762 5499 τῷ
786 5424 1034 5497 Κάμπῳο
1060 5425 1160 5499 ήδη
1192 5425 1290 5496 τῆς
1320 5425 1430 5478 τῶν
1471 5419 1849 5493 Θεοπασχιτῶν

252 5492 547 5589 ξαερέσεως
569 5517 628 5582 ἐξ
651 5492 909 5589 ἐπηρείας
933 5492 1023 5571 τόῦ
1053 5492 1294 5571 διαόόλου
1336 5516 1508 5589 ἀρχὴν
1539 5492 1847 5586 λαμὸανού-

250 5586 406 5682 ἴτης,
440 5608 535 5663 καὶ
564 5608 642 5680 τῷ
663 5586 943 5680 Τρισαγίῳ
973 5607 1054 5673 τὸ,
1092 5609 1153 5663 '0
1185 5586 1544 5676 σταυρωθὲὶς
1566 5606 1640 5661 δι’
1667 5604 1844 5676 ἡμᾶς,

280 5700 783 5773 βλασφημούντων
820 5700 1078 5770 ἐξαίφνης
1119 5700 1328 5754 παιδίον
1359 5700 1604 5773 άρπαγὲν
1640 5702 1719 5764 είς
1753 5699 1845 5753 τὸν

276 5794 423 5867 ἀέρα
451 5794 742 5867 ἀνεφέρετο
776 5795 990 5850 πάντων
1018 5795 1076 5848 ὲν
1104 5793 1360 5865 ἐκπλήξει
1390 5792 1482 5846 καὶ
1520 5791 1667 5861 φόϐῳ
1712 5808 1846 5865 κρα-

1938 4967 2114 5031 niore,
2146 4974 2274 5021 ante
2308 4964 2452 5021 diem
2499 4964 2962 5030 Resurrectionis,
2994 4964 3191 5020 accidit
3226 4965 3504 5026 horribilis

1940 5066 2098 5114 terra:
2157 5064 2341 5111 motus
2380 5073 2392 5110 :
2447 5072 2557 5126 quo
2600 5055 2802 5110 factum
2846 5064 2931 5113 est
2981 5063 3037 5110 ut
3088 5064 3235 5113 totus
3272 5057 3503 5130 populus

1940 5164 2065 5205 cum
2114 5148 2441 5218 imperatore
2485 5145 2794 5203 Theodosio
2839 5156 2896 5204 et
2937 5149 3249 5219 patriarcha
3284 5149 3499 5216 Proeto,

1942 5255 2005 5295 ac
2047 5242 2313 5296 universae
2361 5238 2617 5296 Ecclesiae
2661 5240 2808 5295 clero
2858 5248 3083 5311 totaque
3125 5242 3261 5299 urbe
3308 5245 3504 5300 exierit

1942 5341 2096 5388 extra
2139 5332 2435 5396 civitatem,
2467 5331 2520 5385 in
2572 5331 2750 5387 locum
2780 5332 2873 5403 qui
2907 5332 3108 5388 dicitur
3137 5334 3395 5407 Campus,
3432 5337 3502 5394 ad

1943 5425 2207 5481 orandum
2249 5440 2361 5495 prae
2412 5425 2623 5481 timore.
2669 5425 2789 5481 Jam
2840 5426 3086 5497 improba
3133 5412 3502 5500 Theopascbi-

1944 5526 2124 5572 tarum
2168 5517 2438 5572 diabolica
2468 5518 2691 5572 haeresis
2724 5518 2935 5572 initium
2968 5518 3236 5585 sumebat,
3267 5529 3321 5575 et
3348 5518 3504 5576 Tris-

1941 5609 2065 5681 agio
2091 5609 2531 5679 blasphemantes
2553 5609 2855 5666 addebant:
2878 5610 2982 5677 Qui
3007 5611 3292 5678 cruciﬁxus
3312 5621 3503 5683 estpro

1941 5700 2110 5756 nobis.
2167 5699 2448 5770 Extemplo
2500 5701 2760 5773 puerulus
2801 5702 2861 5757 in
2903 5714 3083 5758 aerem
3127 5710 3315 5774 raptus
3363 5705 3501 5760 volio

1940 5791 2107 5859 tabat,
2144 5791 2506 5849 clamantibus
2536 5796 2748 5853 cunctis
2779 5812 2887 5868 pra:
2937 5803 3161 5866 stupore
3185 5804 3239 5851 et
3282 5798 3496 5862 timore,
