4026 6342
299 326 400 382 681

1341 330 1602 390 ORATIO
1639 333 1728 390 DE
1766 335 2113 395 LAUDIBUS
2151 338 2207 392 S.
2251 337 2510 397 MARIIE.

3442 351 3546 405 68".

316 445 446 499 Ἰδοὺ
499 442 608 514 γὰρ
633 441 707 514 γῆ
755 441 846 494 καὶ
881 440 1117 496 θάλαττα
1166 441 1466 517 δωροφορεῖ
1495 446 1571 520 (4)
1620 449 1686 519 τῇ
1736 465 1863 521 παρ-

1979 465 2043 504 ac
2066 449 2235 522 Virgo
2272 460 2375 507 est.
2403 450 2666 510 Amabilis
2694 451 2852 522 plane
2885 467 2948 509 ac
2977 455 3244 512 mirabilis
3276 455 3390 514 haec
3417 457 3534 514 coi-

299 535 471 607 θένῳ·
498 537 532 606 ἡ
564 533 662 605 μὲν
695 534 760 588 τὰ
789 534 934 588 νῶτα
978 533 1170 605 αὐτῆς,
1216 538 1337 600 ταῖς
1383 537 1574 592 ὁλκάσι
1623 539 1870 611 γαληνῶς

300 624 676 698 ῦφαπλώσασα
697 625 773 697 (5)
794 645 807 658 ·
838 628 872 699 ἡ
899 627 955 680 δὲ
981 626 1052 680 τὰ
1075 627 1194 699 ἴχνη
1219 629 1328 683 τῶν
1357 629 1677 700 βαδιζόντων
1724 634 1870 688 dixe)-

298 718 477 782 λύτως
512 717 974 789 παραπέμπουσα.
1005 719 1288 790 Σκιρτάτω
1309 724 1343 794 ἡ
1375 722 1557 793 φύσις,
1586 729 1680 782 καὶ
1707 728 1871 796 ἀγαλ-

298 807 505 864 λιᾶσθω
541 808 603 862 τὸ
654 809 809 878 γένος
840 809 950 864 τῶν
982 809 1284 884 ἀνθρώπων
1308 855 1324 880 ,
1371 815 1453 869 ὅτι
1487 819 1580 871 καὶ
1616 822 1872 888 γυναῖκες

296 901 567 972 τιμῶνται
584 917 599 932 ·
628 903 900 974 χορευέτω
924 903 957 974 ἡ
989 903 1368 978 ἀνθρωπότης,
1389 907 1471 962 ὅτι
1497 910 1590 964 καὶ
1613 911 1868 983 παρθένοι

295 993 628 1060 δοξάζονται.
683 994 876 1051 Ὅπου
924 995 1032 1068 γάρ
1085 997 1460 1054 ἐπλεόνασεν
1503 1003 1542 1072 ἡ
1594 1001 1866 1072 ἁμαρτία,

293 1088 891 1157 ὑπερεπερίσσευσεν
919 1089 958 1153 1)
993 1088 1184 1158 χάρις.
1220 1091 1552 1147 Συνεκάλεσε
1582 1093 1689 1167 γὰρ
1719 1097 1868 1168 ἡμᾶς

293 1178 394 1232 νῦν
431 1179 668 1235 ἐνταῦθα
708 1181 742 1254 ἡ
789 1181 919 1250 ἁγία
949 1181 1210 1248 Θεοτόκος
1245 1184 1522 1259 Παρθένος
1551 1187 1772 1258 Μαρία·
1807 1190 1868 1244 τὸ

291 1271 600 1342 ἀμόλυντον
641 1276 743 1346 τῆς
771 1275 1068 1347 παρθενίας
1110 1275 1415 1348 κειμήλιον,
1445 1277 1476 1330 6
1524 1279 1741 1349 λογικὸς
1770 1281 1865 1336 τοῦ

289 1363 549 1439 δευτέρου
614 1366 789 1439 Ἀδὰμ
833 1369 1192 1440 παράδεισος·
1255 1369 1315 1423 τὸ
1361 1371 1720 1444 ἐργαστήριον
1766 1373 1868 1444 τῆς

290 1457 541 1526 ἐνώσεως
580 1462 691 1516 τῶν
725 1462 974 1532 φύσεων·
1023 1465 1056 1536 ή
1115 1463 1421 1536 πανήγυρις
1457 1464 1549 1518 τοῦ
1597 1465 1865 1538 σωτηρίου

291 1553 764 1626 συναλλάγματος,
790 1557 823 1628 ἠ
857 1555 1090 1620 παστὰς,
1112 1556 1170 1609 ὲν
1246 1557 1274 1610 6
1299 1557 1470 1625 Λόγος
1492 1558 1868 1628 ἐνυμιρεύσατο

287 1645 391 1717 τὴν
420 1648 620 1719 σάρκα·
653 1651 688 1720 ὴ
721 1647 960 1720 ἔμψυχος
994 1649 1095 1720 τῆς
1132 1648 1346 1720 φύσεως
1376 1649 1554 1720 βάτος,
1584 1652 1650 1723 ἣν
1678 1652 1741 1705 τὺ
1767 1651 1867 1722 τῆς

289 1737 444 1803 θείας
481 1739 668 1806 ὠδῖνος
714 1741 825 1814 πῦρ
875 1743 936 1795 ού
985 1741 1356 1796 κατέκαυσεν·
1394 1744 1430 1814 ή
1476 1743 1645 1807 ὄντως
1690 1745 1866 1816 κούφη

1974 543 2074 598 tio.
2127 543 2210 600 En
2250 545 2395 600 enim
2452 551 2598 598 terra
2639 553 2693 599 et
2751 560 2902 600 mare
2949 548 3152 616 pariter
3207 549 3535 621 obsequium

1971 631 2156 692 fovent
2185 657 2200 692 :
2249 637 2352 692 hoc
2383 637 2602 708 quidem
2649 637 2934 707 obsequio,
2968 640 3240 708 placidum
3274 641 3538 714 navigan-

1971 728 2121 784 tibus
2150 728 2373 785 dorsum
2415 728 2794 797 substernens,
2847 729 2938 784 illa
2967 746 3098 786 vero
3138 733 3404 790 viatorum
3445 751 3538 790 ve-

1971 821 2133 892 stigia
2193 821 2445 892 expedite
2513 821 2786 878 deferens.
2842 821 3012 876 Saliat
3061 831 3295 888 natura,
3343 825 3540 881 huma-

1969 929 2210 984 numque
2241 914 2474 970 exsultet
2497 929 2691 985 genus,
2721 914 2922 985 quippe
2958 929 3083 970 cum
3119 915 3372 972 mulieres
3403 931 3538 988 quo-

1967 1016 2076 1072 que
2116 1001 2480 1058 honorentur.
2519 1003 2732 1059 Choros
2779 1002 2942 1057 ducat
2991 1003 3276 1058 hominum
3319 1012 3537 1069 natura,

1967 1091 2114 1162 quod
2143 1099 2198 1147 et
2224 1093 2467 1164 virgines
2490 1093 2684 1148 honori
2706 1093 3010 1148 habeantur
3038 1111 3052 1149 :
3078 1091 3177 1148 Ubi
3206 1094 3350 1149 enim
3371 1092 3540 1148 abun-

1967 1183 2114 1238 davit
2146 1183 2421 1250 delictum,
2454 1185 2897 1254 superabundavit
2931 1194 2982 1240 et
3021 1186 3196 1257 gratia
3222 1185 3264 1241 ³.
3310 1184 3410 1240 Hic
3437 1201 3539 1242 nos

1967 1278 2174 1350 quippe
2203 1277 2366 1334 modo
2390 1319 2405 1344 ,
2444 1288 2630 1333 sancta
2661 1278 2753 1335 Dei
2795 1279 3043 1334 Genitrix
3079 1293 3144 1332 ac
3170 1276 3336 1350 Virgo
3370 1279 3538 1333 Maria

1975 1367 2031 1422 in
2077 1383 2248 1422 unum
2297 1369 2518 1440 coegit:
2563 1370 2881 1440 impollutus
2922 1371 3013 1426 ille
3054 1370 3383 1440 virginitatis
3415 1370 3535 1425 the-

1969 1477 2191 1530 saurus,
2227 1463 2492 1534 spiritalis
2533 1462 2760 1517 secundi
2803 1461 2996 1517 Adami
3033 1461 3343 1533 paradisus,
3374 1461 3536 1516 unio-

1970 1557 2057 1612 nis
2101 1565 2420 1610 naturarum
2453 1555 2700 1621 ofﬁcina,
2736 1555 2995 1610 salutaris
3042 1555 3355 1610 commercii
3397 1570 3538 1608 nun-

1967 1645 2133 1712 diuae,
2165 1646 2464 1710 thalamus,
2511 1646 2567 1700 in
2611 1661 2722 1717 quo
2766 1646 2873 1701 sibi
2907 1642 3148 1700 Verbum
3188 1660 3406 1700 carnem
3441 1644 3538 1699 de-

1967 1739 2272 1808 sponsavit,
2308 1738 2586 1794 animatus
2633 1745 2844 1793 natura:
2885 1737 3058 1793 rubus
3081 1738 3123 1801 ι,
3158 1751 3320 1805 quem
3367 1734 3538 1790 divini

287 1830 513 1903 νεφέλη,
566 1834 600 1904 ἡ
650 1832 741 1886 τὸν
785 1833 880 1885 ἐπὶ
941 1832 1047 1886 τῶν
1102 1833 1370 1903 χερουὸὶμ
1424 1831 1562 1903 μετά
1617 1831 1863 1904 σώματος

1968 1838 2160 1902 partus
2199 1830 2342 1901 ignis
2365 1847 2474 1885 non
2500 1830 2836 1897 combussit;
2863 1845 2994 1886 vere
3022 1829 3156 1884 levis
3179 1829 3270 1884 illa
3298 1829 3470 1884 nubes
3491 1828 3536 1890 ',

287 1923 644 1994 βαστάσασα·
693 1925 722 1977 6
764 1923 858 1977 τοῦ
887 1924 946 1991 ἐξ
990 1922 1220 1996 ούρανοῦ
1268 1924 1424 1978 ὑετοῦ
1477 1925 1864 1998 καθαρώτατος

287 2015 477 2079 πόκος,
507 2015 566 2082 ἐξ
599 2010 659 2071 οὗ
686 2016 714 2069 6
741 2015 944 2087 ποιμὴν
969 2016 1028 2068 τὸ
1053 2015 1323 2086 πρόϐατον
1350 2014 1653 2070 ἐνεδύσατο.
1674 2018 1862 2089 Μαρία

285 2109 322 2178 ἡ
345 2108 502 2179 δούλη
528 2108 622 2161 καὶ
653 2109 856 2179 μήτηρ,
885 2109 919 2180 η
947 2107 1232 2181 παρθένος,
1260 2106 1355 2162 καὶ
1383 2106 1630 2180 οὐρανὸς,
1661 2109 1694 2180 ὴ
1725 2109 1859 2180 μόνη

285 2195 425 2250 θεοῦ
453 2197 588 2270 πρὸς
615 2197 936 2271 ἀνθρώπους
960 2199 1203 2270 γέφυρα·
1230 2199 1260 2252 6
1292 2199 1518 2273 φρικτδς
1548 2200 1647 2272 τῆς
1662 2202 1861 2255 οἰκονο-

287 2291 420 2361 μίας
452 2292 616 2356 ἱστὸς,
635 2283 751 2361 ἐ.νῷ
781 2293 1036 2364 ἀρρήτως
1065 2291 1276 2364 ύφάνθη
1309 2295 1337 2348 6
1367 2293 1468 2364 τῆς
1500 2292 1746 2359 ἐνώσεως
1778 2313 1861 2366 χι-

287 2383 416 2437 τών·
442 2377 572 2437 οῦπε
580 2403 612 2455 ρ
635 2385 916 2457 ίστουργὸς
945 2385 1142 2456 etme
1157 2383 1384 2458 Πνεῦμα
1397 2387 1458 2441 τὸ
1479 2387 1633 2457 ἅγιον
1649 2407 1665 2421 ·
1684 2387 1860 2462 ἔριθος

285 2479 369 2533 δὲ.
401 2481 435 2550 ἡ
467 2477 527 2544 ἐξ
562 2479 730 2549 ὕψους
763 2481 1130 2536 ἐπισκιάσασα
1172 2481 1434 2554 δύναμις·
1481 2480 1627 2552 ἔριον
1674 2480 1752 2547 δὲ,
1800 2484 1860 2536 τὸ

285 2572 515 2642 ἀρχαῖον
551 2571 646 2626 τοῦ
706 2572 878 2644 ’Λδάμ
922 2573 1143 2628 κώδιον·
1179 2575 1352 2647 κρόκη
1383 2575 1462 2642 δὲ,
1493 2576 1527 2647 ἡ
1571 2575 1672 2645 τῆς
1713 2575 1860 2646 Παρ-

285 2662 443 2715 θένου
474 2662 550 2736 (6)
601 2664 898 2735 ἁμόλυντος
939 2665 1103 2736 σάρξ·
1145 2665 1338 2738 κερκὶς
1378 2665 1456 2731 δὲ,
1489 2668 1524 2740 η
1554 2666 1861 2739 ἀμέτρητος

284 2756 383 2812 τοῦ
411 2757 740 2830 φορέσαντος
771 2759 962 2831 χάρις·
990 2761 1239 2832 τεχνίτης
1268 2761 1345 2828 δὲ,
1379 2761 1408 2815 6
1433 2761 1500 2816 δι’
1536 2763 1708 2834 ἀκοῆς
1749 2766 1862 2818 εἱσι

284 2847 540 2920 πηδήσας
572 2849 764 2917 Λόγος.
797 2849 893 2914 Τίς
922 2847 1050 2917 εἶδε,
1081 2850 1166 2914 τίς
1193 2851 1447 2922 ῆκουσεν,
1486 2853 1568 2907 ὅτι
1597 2856 1810 2926 μήτραν
1833 2855 1862 2907 6

284 2940 422 3004 Θεὸς
448 2941 877 3014 ἀπεριγράπτως
907 2942 1110 3014 ᾤκησε,
1141 2943 1234 2998 καὶ
1265 2944 1324 2998 ὃν
1349 2945 1574 3017 οὐρανὸς
1598 2946 1700 3000 οὐκ
1726 2945 1860 3016 ὲχώ-

288 3046 481 3101 ρησεν,
511 3032 548 3102 ἡ
572 3032 784 3104 γαστὴρ
816 3033 914 3086 οὐκ
947 3031 1398 3106 ἐστενοχώρησεν.

363 3299 436 3352 B’.
485 3299 624 3353 Ἀλλ’
655 3301 912 3373 ἐγεννήθη
946 3303 1008 3356 ὲκ
1050 3303 1307 3371 γυναικὸς
1349 3301 1482 3368 Θεὸς
1523 3304 1586 3357 ού
1616 3303 1821 3376 γυμνός
1844 3319 1859 3334 θ

286 3394 385 3446 καὶ
414 3392 698 3463 ἄνθρωπος
751 3395 811 3448 ού
854 3394 1040 3464 ψιλός·
1085 3395 1179 3448 καὶ
1206 3393 1382 3466 πύλην
1424 3397 1696 3468 σωτηρίας
1728 3399 1756 3451 6
1783 3415 1866 3450 τε·

283 3485 462 3557 χθεὶς,
496 3486 597 3558 τὴν
624 3485 788 3541 πάλαι
830 3487 929 3557 τῆς
955 3485 1228 3557 ἁμαρτίας
1266 3485 1432 3551 ἔδειξε
1472 3485 1662 3560 θύραν.
1688 3489 1862 3542 Ὅπου

283 3577 400 3648 γὰρ
428 3580 455 3632 6
483 3577 606 3648 ὄφις
625 3579 716 3633 διὰ
741 3581 840 3650 τῆς
865 3580 1149 3650 παρακοῆς
1167 3579 1258 3632 τὸν
1293 3578 1368 3634 ίὺν
1394 3578 1627 3650 ἐξέχεεν,
1655 3580 1865 3636 ἐκεῖθεν

283 3672 318 3723 6
374 3671 544 3740 Λόγος
599 3673 676 3742 (7)
726 3671 816 3725 διὰ
847 3672 947 3744 τῆς
983 3673 1229 3743 ὑπακοῆς
1271 3671 1551 3739 εἰσελθὼν,
1599 3673 1691 3728 τὸν
1740 3674 1866 3728 ναὸν

281 3761 755 3833 ὲζωοπλὰστησεν.
790 3763 950 3817 Ὅθεν
991 3764 1020 3816 6
1051 3763 1263 3836 πρῶτος
1287 3765 1387 3837 τῆς
1421 3764 1694 3838 ἁμαρτίας
1727 3766 1866 3820 Κάἷν

281 3852 596 3924 προέκυψεν
638 3853 736 3923 (8),
781 3855 990 3908 ἐκεῖθεν
1022 3857 1051 3909 6
1079 3855 1171 3910 τοῦ
1199 3857 1392 3924 γένους
1431 3857 1711 3930 λυτρωτὴς
1733 3855 1868 3930 Χρι-

283 3944 414 4008 στὸς
454 3945 708 4018 ἀσπόρως
733 3946 1085 4019 ἐϐλάστησεν.
1117 3947 1230 4001 Οὐκ
1273 3948 1588 4020 ὲπῃσχύνθη
1625 3949 1655 4001 6
1682 3949 1869 4018 φιλάνο

281 4034 506 4106 θρωπος
534 4038 632 4107 τὴν
657 4037 723 4089 ὲκ
751 4036 1008 4105 γυναικὸς
1031 4035 1195 4089 ὠδῖνα
1212 4052 1228 4067 ·
1252 4035 1378 4106 ζωὴ,
1409 4035 1519 4106 γὰρ
1546 4031 1616 4106 ἦν
1638 4035 1700 4087 τὸ
1731 4053 1870 4107 πρα-

279 4129 726 4202 γματευόμενον·
756 4130 856 4185 ούκ
877 4130 1146 4203 ὲμολύνθη
1167 4131 1396 4202 οἰκήσας
1425 4131 1661 4200 μήτραν,
1692 4129 1870 4201 ἥνπερ

1965 1939 2088 1994 qua:
2133 1923 2413 1979 sedentem
2449 1937 2615 1993 super
2655 1921 2982 1989 Cherubim,
3028 1927 3378 1991 corporatum
3413 1935 3541 1990 por-

1967 2016 2100 2070 tavit
2117 2015 2224 2086 (9);
2248 2015 2670 2071 mundissimum
2705 2014 2882 2070 vellus
2903 2013 2925 2044 °
2961 2013 3152 2068 imbris
3179 2012 3438 2076 cmlestis,
3469 2027 3538 2067 ex

1965 2123 2076 2179 quo
2104 2106 2302 2164 Pastor
2332 2124 2488 2164 ovem
2518 2106 2716 2164 induit.
2749 2107 2940 2172 Maria,
2979 2105 3227 2177 inquam,
3258 2106 3456 2161 ancilla
3482 2112 3540 2160 et

1963 2207 2172 2265 mater,
2203 2201 2376 2272 virgo,
2427 2215 2492 2256 ac
2544 2199 2763 2269 cmlum,
2793 2198 2887 2255 Dei
2930 2199 2997 2254 ad
3044 2199 3293 2256 homines
3344 2199 3540 2254 unicus

1963 2292 2464 2362 pons,horrendum
2478 2290 2875 2348 incarnationis
2890 2291 3183 2347 textorium
3202 2289 3446 2362 jugumﬂ
3457 2289 3537 2362 0),

1963 2384 2019 2439 in
2041 2399 2151 2456 quo
2171 2384 2430 2441 ineﬂabili
2453 2383 2682 2457 quadarn
2705 2384 2916 2440 ratione
2933 2383 3154 2439 unionis
3175 2383 3324 2440 illius
3355 2384 3538 2440 tunica

1961 2475 2214 2531 confecta
2245 2485 2330 2533 est
2360 2494 2374 2534 :
2410 2477 2569 2548 cujus
2597 2477 2816 2548 quidem
2845 2483 3027 2533 textor
3055 2476 3267 2532 exstitit
3297 2473 3539 2548 Spiritus

1963 2573 2226 2632 sanctus;
2270 2566 2502 2634 nectrix,
2533 2567 2712 2624 virtus
2743 2566 3080 2622 obumbrans
3107 2581 3176 2622 ex
3210 2565 3355 2632 alto;
3387 2565 3534 2631 lana,

1963 2655 2248 2726 antiquum
2278 2656 2472 2712 Adami
2498 2658 2708 2727 vellus;
2747 2665 2943 2724 trama,
2985 2657 3270 2729 impolluta
3303 2671 3434 2714 caro
3469 2673 3534 2714 ex

1961 2747 2175 2818 virgine
2205 2747 2352 2819 (ll);
2386 2750 2658 2806 textorius
2709 2748 2920 2817 radius,
2959 2750 3223 2807 immensa
3274 2751 3537 2823 gestantis

1963 2841 2178 2912 gratia;
2211 2843 2408 2897 artifex
2453 2844 2696 2910 tandem,
2731 2841 2968 2898 Verbum
2995 2857 3093 2913 per
3129 2843 3374 2898 auditum
3419 2842 3536 2898 illa-

1963 2935 2120 2992 bens.
2154 2933 2290 3003 Quis
2315 2934 2474 2998 vidit,
2501 2935 2627 3005 quis
2655 2934 2885 3002 audivit,
2913 2933 3250 2992 inhabitasse
3281 2933 3449 2991 Deum
3482 2935 3537 2990 in

1966 3037 2125 3086 utero
2170 3029 2651 3100 incircumscripte
2701 3029 2867 3101 (12);
2917 3044 2981 3086 ac
3025 3045 3150 3086 eum
3209 3044 3374 3101 quem
3413 3031 3535 3085 caeli

1967 3136 2165 3192 capere
2210 3135 2320 3176 non
2373 3129 2646 3191 poterant,
2691 3121 2859 3176 nullis
2907 3129 3179 3176 arctatum
3231 3121 3534 3195 angustiis,

1969 3220 2218 3268 ventrem
2253 3210 2496 3283 Virginis
2531 3210 3052 3282 comprehendisse?

2040 3303 2106 3360 ll.
2134 3303 2306 3360 Natus
2337 3319 2502 3375 porro
2531 3319 2599 3361 ex
2639 3303 2864 3377 muliere
2896 3310 3001 3368 est,
3027 3302 3169 3360 Dens
3195 3319 3303 3361 non
3338 3303 3538 3366 nudus.

1969 3403 2026 3450 at
2049 3411 2152 3451 nec
2172 3394 2339 3450 homo
2369 3410 2572 3466 purus;
2597 3402 2869 3466 natusque
2892 3410 3011 3451 eam
3033 3411 3154 3466 quae
3183 3396 3309 3452 olim
3331 3397 3537 3468 peccati

1973 3495 2128 3560 porta
2154 3486 2352 3552 fuerat,
2384 3487 2582 3543 salutis
2625 3486 2852 3558 januam
2900 3486 3101 3544 etl‘ecit.
3128 3486 3264 3542 Nam
3299 3487 3390 3542 ubi
3429 3502 3534 3544 ser-

1973 3597 2109 3652 pens
2122 3595 2219 3649 per
2241 3579 2671 3636 inobedientiam
2695 3580 3003 3652 ingressum
3036 3581 3188 3637 virus
3209 3579 3474 3636 ell'uderat
3494 3581 3538 3643 '.

1969 3671 2044 3727 ibi
2089 3669 2330 3728 Verbum
2378 3688 2476 3744 per
2525 3673 2892 3729 obedientiam
2950 3673 3296 3744 ingressum,
3359 3671 3537 3726 vivum

1969 3764 2075 3820 sibi
2105 3765 2464 3820 exaediﬁcavit
2497 3765 2781 3837 templum.
2819 3763 2976 3820 Untle
3028 3765 3235 3836 peccati
3266 3764 3356 3820 ille
3381 3765 3534 3836 prin-

1969 3855 2207 3926 cipatum
2238 3863 2430 3913 tenens
2455 3855 2591 3912 Cain
2632 3863 2932 3912 emerserat
2975 3856 3019 3920 ⁸,
3055 3855 3181 3912 inde
3211 3853 3534 3926 Redemptor

1971 3945 2187 4015 generis
2242 3945 2499 4001 Christus
2548 3945 2669 4002 sine
2707 3945 2915 4002 semine
2943 3945 3164 4015 prodiit.
3188 3943 3305 3999 Non
3321 3945 3540 3999 erubuit

1968 4037 2223 4093 Clemens
2270 4037 2414 4094 Deus
2468 4037 2622 4093 nasci
2677 4053 2745 4094 ex
2805 4036 3050 4092 muliere.
3107 4035 3238 4091 Nam
3283 4037 3392 4093 vita
3421 4044 3539 4092 erat

1971 4129 2118 4199 quod
2138 4129 2212 4184 ita
2238 4129 2602 4187 moliebatur:
2630 4129 2834 4184 nullam
2863 4129 3137 4185 contraxit
3161 4129 3334 4186 labem
3364 4128 3539 4185 vulvae

365 4288 388 4322 ³
418 4287 578 4344 Rom.
617 4305 674 4358 v,
713 4288 807 4343 20.
881 4290 904 4324 ⁸
943 4287 1115 4344 Exod.
1146 4304 1229 4354 Ill,
1263 4288 1319 4342 2.
1392 4288 1414 4319 ⁸
1455 4287 1556 4343 lsa.
1593 4303 1709 4353 χιχ,
1749 4288 1800 4342 1.

1969 4288 2114 4342 udic.
2154 4303 2232 4352 vn,
2267 4289 2356 4343 57.
2435 4289 2453 4319 ⁷
2476 4287 2612 4345 Gen.
2648 4305 2729 4355 In,
2762 4291 2818 4344 6.
2892 4289 3073 4346 8Gen.
3102 4307 3176 4356 iv,
3208 4292 3258 4344 1.

360 4444 440 4512 (ι)
478 4444 609 4517 Leg.
651 4445 959 4517 cunraliis,
993 4444 1301 4517 δοροφορεῖ.

361 4517 440 4586 (5)
481 4514 981 4584 Αιξέφαπλώσασα.

362 4584 442 4654 (6)
467 4586 550 4656 Al.
589 4587 622 4656 ἡ
655 4588 721 4638 ὲκ
744 4587 843 4656 τῆς
873 4584 1164 4656 παρθένου.

363 4656 438 4725 (7)
470 4655 556 4725 Al.
588 4655 820 4725 ἐνέχεεν,
853 4657 967 4708 ἐκεῖ
993 4657 1022 4707 6
1052 4655 1229 4723 λόγος.

481 4724 581 4806 iis.
615 4724 740 4780 cod.
772 4725 977 4806 Mazar.
1003 4725 1326 4806 προέκοψεν.

364 4793 440 4868 (9)
481 4795 830 4868 quporatum
862 4793 1302 4868 portqvit:_Metd
1330 4795 1602 4866 σώματος
1628 4793 1858 4860 ,ϐαστὰ-

283 4863 481 4924 σασὶι.
530 4864 624 4920 Sic
669 4877 722 4922 et
762 4863 920 4921 vetns
967 4866 1056 4919 ille
1091 4863 1432 4921 Vaticanus}
1483 4883 1602 4919 cum
1647 4881 1860 4932 corpore

287 4937 567 5008 portavit:
605 4944 803 5008 non_ut
833 4937 972 5008 male
1012 4937 1282 5008 inte_rpres
1329 4937 1544 4991 concilii
1577 4934 1856 5008 Ephesini,

289 5003 351 5080 et
383 5016 674 5080 posticum
718 5005 1023 5080 Riccardus
1047 5024 1061 5060 :
1104 5003 1172 5058 lu
1208 5019 1566 5080 corpore__suo
1615 5003 1855 5076 gestavit.

286 5075 537 5134 Tametsi
572 5077 716 5132 enim
747 5077 850 5132 hoc
884 5078 1180 5131 maximum
1207 5084 1312 5137 est.
1337 5085 1397 5130 ut
1427 5075 1595 5130 Maria
1620 5075 1774 5130 utero
1806 5083 1860 5130 et

291 5153 352 5218 in
402 5165 504 5204 suo
556 5162 786 5218 corpore
833 5147 1124 5218 gestaverit
1177 5145 1506 5218 Dominum;
1542 5147 1629 5201 hic
1677 5153 1857 5218 tamen

289 5217 528 5275 Proclus
553 5215 774 5273 modum
807 5215 1076 5289 pimcipue
1123 5217 1370 5289 respicit,
1409 5232 1520 5287 quo
1595 5232 1719 5270 eum
1764 5215 1857 5284 qui

289 5307 463 5360 super
513 5285 823 5360 Cherubim'
845 5285 1200 5360 incorporeus
1221 5285 1384 5343 sedet
1405 5285 1441 5352 ,θ
1463 5303 1586 5342 cum
1628 5300 1858 5356 corpore

286 5359 453 5416 ac'eo
474 5360 726 5415 indutum
752 5359 869 5429 ipsa
897 5359 1152 5429 portavit.

367 5430 476 5502 (10)
496 5424 799 5502 Τεειονίιιιῆ
819 5424 1028 5502 ῥαρωη.
1049 5427 1418 5502 Liquetsatis
1433 5443 1538 5483 non
1570 5424 1743 5502 accipi
1769 5424 1858 5479 hic

285 5498 483 5570 vocem
511 5500 655 5564 ἱστός
694 5513 792 5570 pro
830 5498 945 5569 ipsa
992 5500 1096 5554 tela
1118 5498 1145 5562 ,“
1178 5499 1284 5556 sub
1335 5498 1493 5570 cujus
1538 5498 1858 5570 metaphora

287 5569 523 5626 Proclus
549 5567 801 5625 unionem
826 5567 998 5639 ipsam
1026 5578 1340 5624 naturarum
1369 5567 1634 5639 describit
1657 5567 1854 5639 iactam

287 5656 355 5710 tn
395 5640 582 5706 Maria,
615 5638 991 5710 quampaulor
1026 5639 1280 5710 superius
1332 5639 1454 5708 ejus
1479 5638 1856 5710 _ép‘{a5"rﬁpt0‘l

277 5709 453 5775 uixit,
469 5711 613 5766 velut
627 5706 928 5779 opiﬁciuam
943 5725 961 5762 :
985 5709 1071 5779 hic
1090 5706 1351 5779 pressius,
1364 5706 1542 5779 ίστόνξ
1564 5708 1854 5779 textorium

284 5783 474 5854 Ipsum
509 5777 953 5846 instrumentum,
989 5778 1043 5832 in
1076 5777 1185 5848 quo
1216 5779 1482 5837 mirabilis
1521 5777 1611 5833 illa
1647 5779 1750 5834 tela
1792 5791 1855 5829 ac

615 5877 884 5939 Pnnoc.
929 5876 1045 5939 Gs.
1083 5878 1182 5940 LX
1198 5880 1267 5939 V.

1894 4443 2242 4522 Dconsei'tio
2297 4452 2618 4522 naturarum
2681 4445 2823 4500 facta
2871 4445 2946 4502 sit
2988 4444 3172 4502 divina
3219 4447 3420 4505 virtute
3471 4464 3537 4505 ac

1963 4522 2098 4569 arte.
2137 4512 2271 4569 Vide
2301 4513 2651 4569 [liccardunn

2037 4585 2083 4650 (l
2101 4586 2146 4654 l)
2167 4583 2460 4656 Impotluta
2489 4600 2707 4656 cargiex
2729 4585 2940 4656 virgine.
2962 4585 3174 4644 Placuit
3196 4589 3311 4647 haec
3339 4592 3533 4656 lectio;

1963 4668 2022 4738 ut
2055 4657 2172 4738 ipsa
2204 4654 2542 4738 significetur
2576 4654 2780 4738 Christi
2806 4654 2972 4738 "caro,
3011 4673 3076 4738 ac
3110 4675 3271 4729 quam
3305 4661 3422 4738 ipse
3447 4654 3536 4731 ge;

1961 4725 2158 4790 stavit;
2186 4725 2345 4794 cujus
2363 4727 2566 4780 unione
2583 4740 2648 4780 ac
2668 4726 2902 4781 mirabili
2926 4725 3142 4781 textura
3162 4743 3286 4784 cum
3310 4725 3532 4793 deitate.

1963 4795 2104 4852 facta
2136 4804 2220 4851 est
2243 4797 2561 4850 (nconomiaa
2586 4796 2676 4850 illa
2705 4796 2809 4850 tela
2845 4810 2908 4849 ac
2943 4797 3146 4851 tunica.

2033 4865 2144 4935 (ίὲ)
2185 4865 2668 4934 Incircumscripte.
2720 4864 2936 4935 Habent
2976 4874 3290 4923 constanter
3316 4868 3534 4924 codices

1961 4934 2390 5007 ἀπεριγράπτως
2407 4952 2423 4967 ·
2473 4950 2594 5005 qua:
2617 4951 2721 4990 vox
2745 4934 3064 5007 insubjecta
3091 4939 3316 4993 materia
3341 4938 3534 4994 admo-

1960 5005 2090 5060 dum
2116 5005 2426 5061 communis
2471 5015 2586 5071 est;
2621 5020 2723 5059 nec
2768 5005 2924 5060 video
2951 5015 3008 5060 ut
3036 5007 3325 5064 debuerint
3363 5009 3532 5064 inter-

1963 5085 2143 5146 pretes
2194 5073 2463 5150 adjective
2516 5073 2779 5150 reddere,
2833 5083 3090 5150 tanquam
3126 5090 3286 5150 esset
3335 5081 3532 5150 ἀπερί-

1961 5145 2234 5219 γραπτος·
2268 5146 2347 5200 vel
2399 5145 2715 5219 adverbium
2751 5145 2961 5219 _minus
2995 5146 3324 5219 quadraret,
3381 5145 3531 5217 quod

1961 5215 2129 5271 unum
2163 5226 2341 5271 tamen
2375 5218 2605 5271 maxime
2621 5215 2872 5286 quadrat,
2893 5225 2949 5268 ut
2963 5215 3025 5270 et
3043 5217 3204 5285 paulo
3226 5215 3455 5275 inferius
3469 5223 3532 5274 τὸ

1957 5287 2256 5376 deﬁgere
2275 5302 2290 5317 ·
2319 5301 2421 5376 ειςΔ
2441 5284 3023 5376 (ιυσξηηιέιίροϐρῇξηὶιιε,
3046 5284 3201 5376 τρειε
3238 5288 3532 5376 Anastasio

1961 5359 2056 5413 lib.
2109 5355 2308 5426 Ὃδηγ.
2328 5355 2500 5428 ᾕρει).
2526 5356 2607 5428 10,
2638 5356 2742 5412 sibi
2775 5355 3046 5428 ἄφθαρτος
3073 5355 3344 5422 fecerant,
3373 5369 3434 5416 ut
3462 5376 3531 5417 eo

1960 5429 2256 5499 probarent
2285 5426 2505 5500 Christi
2540 5427 2703 5500 etiam
2741 5428 2994 5500 corporis
3038 5427 3526 5500 incorruptionem,

1959 5495 2082 5554 cum
2136 5497 2368 5552 Proclus
2423 5498 2600 5552 solum
2640 5495 2887 5567 designet
2930 5496 3150 5567 modum
3199 5495 3527 5556 nativitatis.
3631 5501 3633 5503 ’

1960 5567 2117 5642 Quod
2149 5568 2291 5642 ejus_
2323 5567 2444 5642 ioco
2484 5567 2686 5642 habent
2719 5565 2880 5642 modo
2933 5565 3175 5642 codices,
3207 5570 3528 5642 ἀφράστως,

1963 5653 2056 5708 per
2102 5636 2434 5713 imperitiam
2473 5636 2708 5713 _irrep_si_t
2765 5636 3344 5707 antiquariorum,'et
3396 5636 3530 5713 quia

1965 5705 2204 5778 proxime
2227 5706 2564 5778 praecedebat
2587 5705 2647 5761 τὸ
2670 5705 2966 5779 ἄφραστον.

3131 5873 3209 5934 ‘22
